1390590713,925.000000000000,0.270000000000
1390590690,925.000000000000,0.030000000000
1390590596,928.869080000000,0.016333480000
1390590529,925.000000000000,0.500000000000
1390590497,928.869080000000,0.010000000000
1390590483,925.000010000000,0.016581800000
1390590261,928.869190000000,10.005490000000
1390590259,925.000000000000,1.355089220000
1390590259,925.000010000000,0.644910780000
1390590258,928.869190000000,0.012200000000
1390590258,928.869190000000,11.214000000000
1390590240,928.879190000000,0.445497050000
1390590240,928.879180000000,0.644927120000
1390590240,928.000000000000,0.099999980000
1390590227,925.000000000000,0.010000000000
1390590206,925.000000000000,5.000000000000
1390590056,928.000000000000,0.000000010000
1390590024,925.000000000000,0.740309490000
1390590023,925.000010000000,0.462227120000
1390589974,925.000010000000,0.182700000000
1390589876,928.000000000000,0.000000010000
1390589817,928.879250000000,0.896626220000
1390589816,928.000000000000,0.100000000000
1390589786,925.297490000000,0.040700000000
1390589767,925.297490000000,0.056330140000
1390589762,925.297490000000,0.011607080000
1390589762,926.000000000000,0.010000000000
1390589732,927.100000000000,0.009228540000
1390589639,928.879250000000,0.197532680000
1390589639,928.879240000000,6.169166200000
1390589638,928.000000000000,0.100000000000
1390589450,928.879560000000,0.031313130000
1390589450,928.000000000000,0.100000000000
1390589402,927.000000000000,0.000771450000
1390589401,926.000000000000,0.990000000000
1390589385,925.000000000000,2.182000000000
1390589385,925.193150000000,0.200000000000
1390589368,926.000000000000,0.010000000000
1390589317,923.189610000000,0.060078510000
1390589317,924.000000000000,0.010000000000
1390589317,924.407630000000,2.928700830000
1390589317,925.000000000000,0.010000000000
1390589317,925.193150000000,0.200000000000
1390589317,926.000000000000,0.010000000000
1390589317,926.167320000000,1.163851910000
1390589317,927.000000000000,0.270000000000
1390589317,927.000000000000,0.010000000000
1390589316,928.000000000000,0.010000000000
1390589133,929.000000000000,0.047306420000
1390589133,929.000000000000,0.190739990000
1390589132,926.167320000000,0.059926590000
1390589115,926.167320000000,1.699357880000
1390589114,927.000000000000,3.300642120000
1390589067,929.000000000000,0.622600000000
1390589066,928.999000000000,0.077400000000
1390589056,928.999000000000,0.102000000000
1390589051,928.999000000000,0.740600000000
1390589051,928.988330000000,0.099400000000
1390589051,927.000010000000,0.100000000000
1390589051,927.000010000000,0.060000000000
1390589043,927.000010000000,0.010000000000
1390589024,927.000010000000,0.010000000000
1390589003,927.000010000000,0.010000000000
1390588986,927.000010000000,0.010000000000
1390588979,927.000000000000,0.753663280000
1390588978,927.000010000000,0.084336720000
1390588951,928.998330000000,0.010000000000
1390588934,927.000000000000,0.240000000000
1390588911,927.000000000000,0.100000000000
1390588907,927.000000000000,0.420000000000
1390588848,927.000000000000,0.185694600000
1390588848,927.000010000000,0.264305400000
1390588828,929.000000000000,0.050000000000
1390588828,928.032000000000,0.090000000000
1390588826,928.032000000000,0.010000000000
1390588814,929.000000000000,0.136660010000
1390588814,928.850000000000,0.010000000000
1390588814,928.487750000000,0.099400000000
1390588814,928.342930000000,0.198940000000
1390588813,928.127490000000,0.009999990000
1390588813,928.032000000000,0.045000000000
1390588793,928.000000000000,0.621280290000
1390588793,928.000000000000,0.053324350000
1390588793,927.000000000000,1.000000000000
1390588793,926.995000000000,0.054375360000
1390588792,925.270000000000,0.140000000000
1390588764,928.000000000000,1.533220000000
1390588764,927.995000000000,0.100000000000
1390588764,927.990000000000,0.188940000000
1390588763,927.990000000000,0.010000000000
1390588738,928.000000000000,0.443057190000
1390588737,927.995000000000,0.056942810000
1390588719,928.000000000000,0.027438590000
1390588719,927.995000000000,0.066452830000
1390588719,927.994330000000,0.056999990000
1390588718,924.930000000000,0.010000000000
1390588681,928.000000000000,3.419790400000
1390588681,927.871180000000,5.300000000000
1390588681,927.871170000000,0.169858410000
1390588681,927.000000000000,0.010000000000
1390588680,926.640000000000,0.045000000000
1390588680,926.010000000000,0.861142820000
1390588680,926.005000000000,0.134066790000
1390588680,926.000000000000,0.042141590000
1390588680,921.000000000000,0.017999990000
1390588660,921.000000000000,0.002000000000
1390588621,921.000000000000,0.008000000000
1390588621,922.000000000000,0.010000000000
1390588621,923.000000000000,0.010000000000
1390588621,924.000000000000,0.010000000000
1390588621,925.000000000000,0.010000000000
1390588595,926.000000000000,0.010000000000
1390588494,925.997670000000,0.341193510000
1390588494,925.997670000000,0.049990000000
1390588493,925.992670000000,0.208816490000
1390588266,925.997670000000,0.050010000000
1390588173,926.000000000000,0.047858410000
1390588173,925.999330000000,0.100000000000
1390588173,925.997670000000,0.011000000000
1390588172,925.997670000000,0.011000000000
1390588087,925.999330000000,0.010000000000
1390588001,917.015180000000,0.032752010000
1390588000,918.000000000000,0.010000000000
1390588000,919.000000000000,0.010000000000
1390588000,920.000000000000,0.010000000000
1390588000,920.160870000000,0.200000000000
1390588000,921.000000000000,0.010000000000
1390588000,922.000000000000,0.010000000000
1390588000,923.000000000000,0.010000000000
1390587999,924.000000000000,0.010000000000
1390587999,925.000000000000,0.010000000000
1390587921,926.010000000000,4.310616660000
1390587921,926.000000000000,0.689383340000
1390587852,926.005000000000,0.020000000000
1390587829,926.010000000000,3.151637880000
1390587829,926.005000000000,0.297534240000
1390587828,926.004440000000,0.057000000000
1390587828,924.350000000000,0.020000000000
1390587789,926.010000000000,0.629602650000
1390587789,925.251000000000,0.044999990000
1390587789,925.000000000000,4.000000000000
1390587789,925.000000000000,0.010000000000
1390587789,925.000000000000,3.469060000000
1390587789,924.999230000000,0.050000000000
1390587788,924.600000000000,0.162595650000
1390587788,924.510000000000,10.000000000000
1390587788,924.500000000000,10.000000000000
1390587788,924.495000000000,0.100000000000
1390587788,924.495000000000,0.100000000000
1390587788,924.495000000000,0.049974020000
1390587788,924.450000000000,0.300000000000
1390587788,924.000000000000,0.168126970000
1390587788,923.729820000000,1.861763010000
1390587787,922.000000000000,1.000000000000
1390587787,921.999990000000,6.225310230000
1390587787,921.994990000000,0.407442970000
1390587787,921.984990000000,0.198940000000
1390587787,921.000000000000,0.980000000000
1390587752,921.000000000000,0.010000000000
1390587728,921.000000000000,0.010000000000
1390587591,921.974880000000,0.010000000000
1390587529,917.000000000000,0.050000000000
1390587528,917.000000000000,0.010000000000
1390587528,918.000000000000,0.010000000000
1390587528,919.000000000000,0.010000000000
1390587528,920.000000000000,0.010000000000
1390587528,921.000000000000,0.010000000000
1390587477,921.994990000000,0.065360780000
1390587476,921.959890000000,0.088940000000
1390587471,921.959890000000,0.100000000000
1390587448,921.959890000000,0.010000000000
1390587433,921.984930000000,0.010000000000
1390587351,921.969890000000,0.200000000000
1390587350,921.969890000000,0.010000000000
1390587341,921.974900000000,0.010000000000
1390587277,916.100000000000,0.007603700000
1390587277,916.100000000000,0.042449970000
1390587277,917.000000000000,0.010000000000
1390587277,918.000000000000,0.010000000000
1390587277,919.000000000000,0.010000000000
1390587246,921.999990000000,0.004765370000
1390587246,921.980000000000,0.005234630000
1390587245,920.000000000000,0.010000000000
1390587245,921.000000000000,0.010000000000
1390587194,916.100000000000,0.593000020000
1390587193,916.100310000000,0.135000000000
1390587193,916.101710000000,0.174999990000
1390587193,916.938000000000,0.046999990000
1390587193,917.000000000000,0.010000000000
1390587193,918.000000000000,0.010000000000
1390587193,919.000000000000,0.010000000000
1390587193,920.000000000000,0.010000000000
1390587193,921.000000000000,0.010000000000
1390587192,921.980000000000,0.010000000000
1390587175,921.980000000000,0.010000000000
1390587070,921.980000000000,0.010000000000
1390586947,916.100000000000,0.400000000000
1390586883,921.999990000000,0.547340370000
1390586882,921.995000000000,0.662455010000
1390586824,916.000000000000,0.767892850000
1390586824,916.017300000000,0.124697710000
1390586823,916.938000000000,0.046999990000
1390586823,917.000000000000,0.010000000000
1390586823,918.000000000000,0.010000000000
1390586823,919.000000000000,0.010000000000
1390586823,920.000000000000,0.010000000000
1390586822,921.000000000000,0.010000000000
1390586707,922.000000000000,0.010000000000
1390586674,923.000000000000,0.010000000000
1390586584,923.764900000000,0.010000000000
1390586542,923.779940000000,0.010000000000
1390586523,916.000010000000,0.338792250000
1390586523,916.005010000000,0.555445950000
1390586523,917.000000000000,0.010000000000
1390586523,918.000000000000,0.010000000000
1390586522,919.000000000000,0.010000000000
1390586457,924.484980000000,0.686084140000
1390586457,924.300000000000,0.020000000000
1390586450,916.000010000000,1.593199590000
1390586442,924.495000000000,0.010000000000
1390586436,916.000000000000,9.203940670000
1390586436,916.000000000000,0.393000000000
1390586436,916.000000000000,3.988032550000
1390586436,916.100000000000,0.014175700000
1390586436,916.100000000000,0.407411440000
1390586436,916.800000000000,33.000000000000
1390586436,917.000000000000,0.021000000000
1390586436,917.200000000000,24.888938040000
1390586436,917.204990000000,0.029999990000
1390586436,917.427200000000,2.950828110000
1390586436,917.500000000000,3.228493580000
1390586436,918.000000000000,0.100357090000
1390586435,918.000010000000,0.010000000000
1390586435,918.250000000000,23.220309110000
1390586435,918.250010000000,0.010000000000
1390586435,918.250020000000,10.000000000000
1390586435,918.255000000000,0.053601470000
1390586435,919.000000000000,0.010000000000
1390586435,919.173610000000,0.463727660000
1390586433,924.495000000000,0.010025980000
1390586425,919.173610000000,2.481493960000
1390586425,920.000000000000,6.845573050000
1390586421,920.000000000000,0.055351610000
1390586421,920.000000000000,0.168615910000
1390586421,920.000010000000,0.881366250000
1390586420,920.000020000000,0.010000000000
1390586420,921.000000000000,0.010000000000
1390586420,922.000000000000,0.010000000000
1390586420,923.000000000000,0.010000000000
1390586420,924.000000000000,0.010000000000
1390586420,924.494990000000,0.009999990000
1390586298,924.495000000000,0.010000000000
1390586265,924.495000000000,0.010000000000
1390586151,924.495000000000,0.010000000000
1390586038,924.475000000000,0.010000000000
1390586034,920.000000000000,17.930459420000
1390585998,920.000000000000,0.536410660000
1390585952,920.000000000000,0.010000000000
1390585906,920.000000000000,0.010000000000
1390585857,920.000000000000,0.010000000000
1390585702,920.000000000000,0.010000000000
1390585650,920.000000000000,1.089028030000
1390585650,920.000000000000,0.010000000000
1390585646,920.000000000000,0.010000000000
1390585636,920.000000000000,0.010000000000
1390585606,920.000000000000,0.374101880000
1390585605,920.000000000000,1.779511000000
1390585605,919.999990000000,0.134455970000
1390585605,919.990000000000,0.497000000000
1390585598,918.250000000000,1.014146860000
1390585590,918.250000000000,0.765544030000
1390585589,918.250010000000,0.134455970000
1390585589,918.800000000000,0.100000000000
1390585578,920.000000000000,0.010000000000
1390585554,920.000000000000,0.010000000000
1390585508,920.000000000000,0.010000000000
1390585378,920.000000000000,0.010000000000
1390585374,920.000000000000,0.230459000000
1390585350,920.000000000000,0.769540990000
1390585265,920.000000000000,0.158835960000
1390585201,918.255000000000,0.032670660000
1390585150,920.000000000000,0.012677000000
1390585143,920.000000000000,0.058946050000
1390585143,919.999990000000,0.951053950000
1390585100,918.255000000000,0.230000010000
1390585099,918.255010000000,0.010000000000
1390585099,918.299920000000,0.750000000000
1390585098,918.299930000000,0.009999990000
1390584990,919.999990000000,1.086956530000
1390584822,919.999990000000,0.034111990000
1390584714,919.999990000000,0.041400000000
1390584406,918.000000000000,0.030771960000
1390584372,922.888800000000,0.023131300000
1390584258,923.994000000000,0.010000000000
1390584232,917.500000000000,0.707100510000
1390584192,924.076350000000,0.010000000000
1390584153,917.500000000000,5.631870880000
1390584153,917.500010000000,2.144294430000
1390584152,917.505010000000,0.658521210000
1390584152,917.918450000000,0.099999990000
1390584152,918.000000000000,0.026100760000
1390584151,919.000000000000,0.157687560000
1390584151,922.000000000000,0.500000000000
1390584151,922.000000000000,0.105525170000
1390584139,922.000000000000,0.086835120000
1390584026,922.000000000000,0.170982760000
1390584007,922.000000000000,0.583982650000
1390583996,924.469940000000,0.020522060000
1390583996,924.469930000000,0.264376200000
1390583996,924.464940000000,0.715101740000
1390583957,922.000000000000,1.052674300000
1390583949,919.000000000000,0.342312440000
1390583948,919.000000000000,0.572237560000
1390583923,924.484980000000,0.010000000000
1390583902,919.000000000000,1.427762440000
1390583902,919.000010000000,1.317050510000
1390583901,921.000000000000,0.003000650000
1390583873,924.495000000000,0.231313130000
1390583693,924.494990000000,0.010000000000
1390583679,921.000000000000,0.056999340000
1390583618,921.000000000000,1.139351490000
1390583617,920.999990000000,0.060648510000
1390583608,919.000010000000,0.060648520000
1390583541,921.000000000000,0.803649170000
1390583541,920.999990000000,0.173384290000
1390583153,919.010000000000,0.090558300000
1390583152,919.010010000000,0.170630110000
1390583152,920.000000000000,0.100597830000
1390583140,920.999990000000,0.050000000000
1390583123,920.999990000000,0.100000000000
1390583093,920.999990000000,0.020629750000
1390583079,919.010000000000,0.037757050000
1390583009,920.999990000000,0.326961420000
1390582869,917.500000000000,0.100000000000
1390582842,917.500000000000,0.458789020000
1390582837,917.205000000000,0.832712990000
1390582831,917.205000000000,0.047122680000
1390582749,917.205000000000,0.060000000000
1390582670,917.205000000000,0.060164320000
1390582665,917.200000000000,0.111061960000
1390582665,917.205000000000,0.065604850000
1390582494,917.205000000000,0.018595860000
1390582160,920.999990000000,0.018014610000
1390582133,920.999990000000,0.043000000000
1390581921,916.100000000000,0.047678800000
1390581737,916.100000000000,0.541668350000
1390581737,916.100010000000,0.458331650000
1390581619,920.999990000000,0.197943920000
1390581608,916.005000000000,0.054047860000
1390581576,916.000010000000,0.765380000000
1390581488,920.999990000000,1.058861320000
1390581488,920.390000000000,0.080000000000
1390581432,916.000000000000,0.011967440000
1390581432,916.000010000000,0.115636040000
1390581432,916.005000000000,0.622519830000
1390581430,920.999990000000,0.010752690000
1390581420,920.999990000000,1.412694700000
1390581420,920.995000000000,0.805328130000
1390581306,920.999990000000,0.014859650000
1390581306,920.000000000000,0.500000000000
1390581214,916.999000000000,0.010000000000
1390581187,916.999000000000,0.353800000000
1390581179,916.999000000000,0.675837580000
1390581176,916.999000000000,0.756660020000
1390581173,916.999000000000,0.011551260000
1390581165,916.999000000000,0.192588720000
1390581149,916.999000000000,0.940000000000
1390581132,916.998990000000,0.012026720000
1390581112,915.500000000000,0.082000000000
1390581093,915.500000000000,0.017474760000
1390581090,915.500000000000,0.133702250000
1390581090,915.500000000000,0.430000000000
1390581090,915.500010000000,1.773801580000
1390581090,915.505000000000,0.140465070000
1390581089,916.000000000000,0.022031100000
1390581086,915.500010000000,0.275554210000
1390581086,915.500010000000,0.604563630000
1390581085,915.500010000000,2.209525240000
1390581085,915.505000000000,0.598430910000
1390581084,915.550000000000,0.250000000000
1390581055,916.998990000000,0.010000000000
1390580691,915.500000000000,0.070000000000
1390580609,915.250010000000,0.440447200000
1390580609,916.287200000000,2.954320560000
1390580609,917.000000000000,3.730520150000
1390580609,917.005000000000,0.625927230000
1390580608,917.111000000000,1.000000000000
1390580608,917.111010000000,0.157214370000
1390580608,917.116030000000,0.901570490000
1390580586,919.000000000000,0.050000000000
1390580483,920.000000000000,0.049200000000
1390580482,924.399990000000,1.338734850000
1390580482,924.399980000000,0.024309510000
1390580481,924.000000000000,0.699999990000
1390580481,923.999980000000,0.170370290000
1390580481,923.995000000000,0.518715360000
1390580480,922.340000000000,0.070000000000
1390580427,922.480000000000,0.054374100000
1390580339,923.999980000000,0.179629710000
1390580339,923.630580000000,0.526148390000
1390580339,923.587430000000,0.057000000000
1390580338,923.587420000000,0.595372110000
1390580338,923.582420000000,0.772171120000
1390580337,919.576020000000,0.035200000000
1390579962,923.630580000000,0.047160790000
1390579961,922.459440000000,0.056999990000
1390579961,920.000000000000,0.075690490000
1390579925,920.000000000000,0.024309510000
1390579831,916.790000000000,6.164312840000
1390579831,916.789990000000,0.105167000000
1390579771,915.250000000000,0.024989850000
1390579759,916.789990000000,0.011845330000
1390579707,915.001000000000,6.713132260000
1390579707,915.001010000000,0.142002180000
1390579707,915.005000000000,0.330941110000
1390579583,916.790000000000,0.248982370000
1390579385,916.790000000000,1.900418420000
1390579384,916.789990000000,0.118813400000
1390579369,916.190000000000,0.086438300000
1390579369,916.200000000000,0.013561700000
1390579364,916.200000000000,0.086438300000
1390579362,916.789990000000,0.051000000000
1390579339,916.190000000000,0.100000000000
1390579137,916.000000000000,1.014346200000
1390579130,916.000000000000,0.027653800000
1390579127,915.000010000000,0.198501750000
1390579127,915.000020000000,0.142159610000
1390579127,915.100000000000,0.010927770000
1390579123,916.200520000000,0.100000000000
1390579096,916.790000000000,0.644660390000
1390579096,916.789990000000,5.355339610000
1390579051,916.272220000000,2.954359640000
1390579051,916.663160000000,0.099999990000
1390579051,916.700000000000,0.064257210000
1390579027,917.677090000000,0.031375520000
1390579025,917.000000000000,0.045014290000
1390579020,917.000000000000,0.100000000000
1390579017,917.000000000000,0.219355460000
1390579017,917.905310000000,0.100000000000
1390578984,917.000000000000,1.634514540000
1390578984,917.000000000000,1.083463260000
1390578984,917.081000000000,0.000319800000
1390578984,917.091000000000,4.405999990000
1390578984,917.091010000000,2.301579980000
1390578983,917.096000000000,0.574122430000
1390578952,917.096000000000,0.089400000000
1390578951,917.096000000000,0.010000000000
1390578838,917.096020000000,0.099400000000
1390578814,924.499990000000,2.546128930000
1390578814,924.490000000000,0.160000000000
1390578814,924.489990000000,0.014096580000
1390578814,924.400000000000,0.192200000000
1390578814,924.113710000000,0.100000000000
1390578813,924.108710000000,0.438352590000
1390578813,924.084310000000,0.100000000000
1390578813,923.000000000000,1.000000000000
1390578813,922.999990000000,0.032075010000
1390578812,920.000000000000,0.417146890000
1390578718,917.096000000000,0.493131630000
1390578718,920.100000000000,0.010868370000
1390578627,917.091010000000,0.032075010000
1390578259,923.000000000000,0.026401230000
1390578051,924.049990000000,0.427839850000
1390578050,923.995000000000,0.642936860000
1390578049,923.993290000000,0.116000000000
1390578049,923.864000000000,0.043999990000
1390578049,923.688290000000,0.054321520000
1390578049,923.687620000000,0.057000000000
1390578048,920.000000000000,0.546153860000
1390577969,917.040100000000,0.219905080000
1390577851,917.010030000000,0.400000000000
1390577744,923.688290000000,0.045678470000
1390577744,923.490000000000,0.104220890000
1390577743,923.474990000000,0.057000000000
1390577743,923.468230000000,0.115999990000
1390577722,923.474990000000,0.074311350000
1390577722,923.469990000000,0.740746010000
1390577722,922.479000000000,0.023999990000
1390577721,922.000000000000,0.102000000000
1390577721,921.999440000000,0.056999990000
1390577721,920.000000000000,1.511948220000
1390577721,919.999990000000,0.396187700000
1390577708,917.000000000000,0.116536740000
1390577708,917.000000000000,0.010000000000
1390577708,917.000010000000,0.396187710000
1390577707,917.005000000000,0.577275550000
1390577706,917.100000000000,0.100000000000
1390577474,919.800000000000,0.587507700000
1390577431,920.000000000000,4.652551780000
1390577431,919.999990000000,0.347448220000
1390577425,917.195000000000,0.372669310000
1390577383,919.999990000000,0.005472110000
1390577382,917.200000000000,0.010000000000
1390577342,917.000010000000,0.014301240000
1390577328,920.000000000000,0.499000000000
1390577327,923.000000000000,0.020000000000
1390577216,923.675000000000,0.010169650000
1390577167,923.688290000000,0.080000000000
1390577069,917.000010000000,0.711288410000
1390577068,917.005010000000,0.288711590000
1390576993,917.005010000000,0.011037890000
1390576987,917.005010000000,0.355996240000
1390576986,917.014630000000,0.100000000000
1390576986,917.200000000000,0.300000000000
1390576985,921.000000000000,0.100000000000
1390576962,917.205000000000,0.317430840000
1390576961,917.300000000000,0.100000000000
1390576961,917.320000000000,0.314275570000
1390576884,923.858330000000,0.040000000000
1390576840,917.320000000000,0.125665830000
1390576805,924.054250000000,2.471926130000
1390576805,924.049250000000,0.169999930000
1390576804,924.048580000000,0.056999990000
1390576804,924.047540000000,0.115999990000
1390576803,923.995000000000,0.014052390000
1390576772,923.995000000000,0.085947610000
1390576759,924.054250000000,0.099355360000
1390576758,924.054240000000,0.246223570000
1390576758,924.000000000000,0.027700000000
1390576758,924.000000000000,0.100000000000
1390576758,923.995000000000,0.197956920000
1390576757,923.987680000000,0.116000000000
1390576756,923.982010000000,0.057000000000
1390576724,917.987840000000,0.022000000000
1390576696,917.990000000000,0.020869200000
1390576696,917.990000000000,0.150989180000
1390576590,921.679990000000,0.046223570000
1390576589,918.080000000000,0.200000000000
1390576273,917.990000000000,0.015559890000
1390576272,917.990000000000,0.016459460000
1390576119,924.064270000000,2.421638920000
1390576119,924.059270000000,0.099999990000
1390576119,924.059270000000,0.353384600000
1390576118,920.000000000000,1.081011510000
1390576118,920.000000000000,1.000000000000
1390576117,919.999990000000,5.043964980000
1390576102,918.424400000000,0.425145030000
1390576101,918.595710000000,0.200000000000
1390575963,919.999990000000,0.067510000000
1390575872,924.059270000000,0.020000000000
1390575707,924.084310000000,0.040000000000
1390575641,924.114370000000,0.143000000000
1390575640,924.113710000000,0.057000000000
1390575236,918.424400000000,0.972513130000
1390575236,920.000000000000,0.013717950000
1390575202,920.000000000000,0.475412480000
1390575202,920.000000000000,0.250148820000
1390575191,920.000000000000,1.073000000000
1390575145,920.000000000000,1.073000000000
1390575116,920.000000000000,0.079117930000
1390575056,920.000000000000,0.079036890000
1390575024,920.000000000000,0.036910300000
1390575020,924.344910000000,0.322897440000
1390575020,924.339910000000,0.497872200000
1390575019,921.000000000000,0.146835530000
1390574989,920.000000000000,0.408786050000
1390574988,920.172710000000,1.591213950000
1390574960,920.172710000000,1.000000000000
1390574841,920.172710000000,0.350590220000
1390574841,920.172720000000,0.274362470000
1390574841,921.000000000000,0.150000000000
1390574841,921.000000000000,0.225047310000
1390574820,921.000000000000,1.000000000000
1390574803,921.000000000000,0.554400000000
1390574796,921.000000000000,0.010000000000
1390574613,921.000000000000,1.000000000000
1390574508,921.000000000000,0.480349830000
1390574508,921.000010000000,0.497650180000
1390574507,922.000000000000,0.021999990000
1390574395,920.000000000000,1.278095450000
1390574395,919.999990000000,0.323985800000
1390574385,920.999990000000,1.519946190000
1390574385,920.994990000000,0.743625150000
1390574384,920.994990000000,0.022000000000
1390574357,921.995000000000,0.022000000000
1390574337,917.320000000000,6.161940020000
1390574337,920.000000000000,4.911060000000
1390574333,917.990000000000,0.088940000000
1390574268,917.990000000000,0.022000000000
1390574240,917.990000000000,0.022000000000
1390574234,917.320000000000,0.040000000000
1390574212,917.990000000000,0.022000000000
1390574185,917.990000000000,0.022000000000
1390574157,917.990000000000,0.022000000000
1390574131,917.320000000000,6.732883100000
1390574130,917.330080000000,1.800000000000
1390574130,918.000000000000,1.467116900000
1390574088,918.000000000000,2.002089550000
1390574088,918.000010000000,1.449111450000
1390574087,918.030080000000,0.900000000000
1390574087,918.035080000000,0.223051490000
1390573857,924.489990000000,0.193369400000
1390573853,917.325010000000,0.099400000000
1390573799,917.325010000000,0.102307420000
1390573798,917.630000000000,0.092592580000
1390573668,921.483080000000,0.394820540000
1390573611,917.630000000000,0.907407420000
1390573610,918.000000000000,0.092592580000
1390573610,924.489990000000,0.196078430000
1390573544,920.570100000000,0.111522700000
1390573543,922.000000000000,0.021999990000
1390573495,924.494990000000,0.216216220000
1390573495,924.494990000000,1.867600340000
1390573495,924.000000000000,0.010000000000
1390573494,923.713110000000,0.015244400000
1390573494,923.000000000000,0.010000000000
1390573494,922.000000000000,0.010000000000
1390573494,921.990000000000,2.551159260000
1390573478,921.990000000000,0.770000000000
1390573469,921.990000000000,0.022000000000
1390573437,921.990000000000,0.022000000000
1390573404,921.990000000000,0.022000000000
1390573382,920.570100000000,0.100000000000
1390573374,920.570100000000,0.050000000000
1390573374,920.570000000000,0.550000000000
1390573333,921.990000000000,2.064073360000
1390573295,921.990000000000,2.326767370000
1390573203,921.990000000000,0.022000000000
1390573145,920.100000000000,0.124600000000
1390573144,920.300000000000,0.500000000000
1390573134,921.990000000000,1.800000000000
1390573100,920.100000000000,0.500000000000
1390572934,921.990000000000,0.400000000000
1390572874,921.810000000000,0.021999990000
1390572815,918.000000000000,3.491154870000
1390572814,917.999990000000,2.110200060000
1390572685,921.854800000000,0.035241530000
1390572683,921.000000000000,0.010000000000
1390572683,920.000000000000,0.160000000000
1390572683,920.000000000000,0.010000000000
1390572683,919.000000000000,0.010000000000
1390572641,917.175400000000,0.172083300000
1390572531,917.175400000000,0.500000000000
1390572490,917.175400000000,0.573104920000
1390572490,917.500000000000,0.010608450000
1390572490,917.500000000000,0.416286630000
1390572448,917.500000000000,1.337000000000
1390572419,917.500000000000,1.337000000000
1390572408,917.500000000000,0.112788820000
1390572393,917.500000000000,0.300000000000
1390572387,917.500000000000,0.200000000000
1390572382,917.500000000000,0.078924110000
1390572370,917.500000000000,0.768000440000
1390572370,917.500000000000,0.199661980000
1390572358,917.500000000000,1.096520000000
1390572288,917.500000000000,1.337000000000
1390572247,917.500000000000,1.337000000000
1390572238,917.500000000000,1.000000000000
1390572224,917.500000000000,1.337000000000
1390572199,917.500000000000,1.337000000000
1390572170,917.500000000000,0.197366880000
1390572170,917.500010000000,0.184599180000
1390572170,918.000010000000,0.955033940000
1390572159,918.000010000000,0.010000000000
1390572110,918.000010000000,0.934966050000
1390572109,918.000020000000,0.402033950000
1390572099,917.500000000000,1.000000000000
1390572095,918.000010000000,0.186491190000
1390572095,918.000000000000,0.158430390000
1390572094,918.000000000000,1.289955800000
1390572072,917.500000000000,1.337000000000
1390572059,917.500000000000,1.337000000000
1390572048,917.500000000000,1.337000000000
1390572038,917.500000000000,0.646091180000
1390572020,917.500000000000,1.337000000000
1390572017,917.500000000000,0.920767730000
1390572008,917.500000000000,0.920767730000
1390571997,917.500000000000,0.079232270000
1390571993,917.500000000000,0.079232270000
1390571977,917.500000000000,0.036000000000
1390571968,917.500000000000,1.822160000000
1390571956,917.500000000000,0.769337040000
1390571955,917.500670000000,0.058600000000
1390571943,917.500000000000,0.110000000000
1390571935,917.500000000000,0.079132960000
1390571883,917.500000000000,0.663967680000
1390571759,917.501710000000,0.135000000000
1390571754,917.501710000000,0.000471140000
1390571754,917.501710000000,0.150000000000
1390571718,917.501710000000,0.174999990000
1390571646,918.000000000000,0.022000000000
1390571625,917.500000000000,0.283495750000
1390571616,918.000000000000,0.022000000000
1390571596,917.500670000000,0.077141470000
1390571586,917.500670000000,0.022000000000
1390571560,917.500670000000,0.022000000000
1390571550,917.500000000000,0.200000000000
1390571525,917.500000000000,1.001000000000
1390571521,917.500670000000,0.013858530000
1390571521,917.500670000000,0.008141470000
1390571483,917.500000000000,2.126537930000
1390571464,917.500000000000,0.734779070000
1390571402,917.500670000000,0.022661620000
1390571379,917.500000000000,0.079115930000
1390571369,917.500000000000,0.077338380000
1390571368,917.500670000000,0.022661620000
1390571364,917.500670000000,0.033211440000
1390571360,917.500670000000,0.079126940000
1390571339,917.500000000000,0.895609660000
1390571318,917.500000000000,0.079190110000
1390571298,917.500000000000,0.079196130000
1390571275,917.500000000000,0.027499310000
1390571256,917.500000000000,0.207600000000
1390571197,918.000000000000,1.333955780000
1390571147,918.000000000000,0.170302250000
1390571147,918.000010000000,0.037757250000
1390571134,918.000010000000,0.240621460000
1390571066,918.000000000000,0.010000000000
1390571066,918.000000000000,1.205500810000
1390571065,917.999990000000,2.726864230000
1390570995,914.020010000000,0.050000000000
1390570942,914.020000000000,1.962995710000
1390570942,914.194000000000,0.046000000000
1390570942,914.210000000000,11.857330500000
1390570941,914.220000000000,0.120000000000
1390570941,914.300000000000,2.102169900000
1390570941,914.315000000000,9.842846090000
1390570941,914.315010000000,0.315640300000
1390570941,914.320000000000,0.153017500000
1390570884,917.999990000000,1.082218550000
1390570872,914.300000000000,1.517830100000
1390570871,914.300010000000,0.282169900000
1390570755,917.999990000000,1.006541440000
1390570645,917.999990000000,1.046952340000
1390570644,917.000000000000,0.010000000000
1390570644,916.000000000000,0.010000000000
1390570644,915.000000000000,0.083047660000
1390570626,914.020000000000,0.010000000000
1390570619,914.020000000000,0.010000000000
1390570615,914.020000000000,0.010000000000
1390570541,915.000000000000,2.998512340000
1390570492,914.000000000000,3.575048320000
1390570401,914.000000000000,0.100000000000
1390570355,914.000000000000,2.072226510000
1390570355,914.000000000000,0.022000000000
1390570326,914.000000000000,0.022000000000
1390570311,914.000000000000,0.046000000000
1390570299,914.000000000000,0.022000000000
1390570295,913.420010000000,0.100000000000
1390570273,914.000000000000,0.072725170000
1390570273,914.000000000000,0.022000000000
1390570268,914.194000000000,0.046000000000
1390570142,915.000000000000,0.250000000000
1390570132,915.000000000000,0.010000000000
1390570083,915.000000000000,0.858440000000
1390570077,915.000000000000,0.800000000000
1390569919,913.000000000000,16.155890360000
1390569918,913.000000000000,0.575999990000
1390569918,913.000010000000,5.300000000000
1390569918,913.000010000000,2.777895060000
1390569918,913.600100000000,0.200000000000
1390569918,913.600190000000,0.134999990000
1390569917,913.601440000000,0.175000000000
1390569917,914.194000000000,0.046999990000
1390569917,915.000000000000,1.010000000000
1390569917,915.000000000000,1.083990330000
1390569917,915.000000000000,0.100000000000
1390569917,915.000000000000,0.050000000000
1390569916,915.000000000000,1.145000000000
1390569916,915.000000000000,0.200000000000
1390569916,915.100000000000,0.010289990000
1390569916,915.100000000000,0.020000000000
1390569916,915.100000000000,4.221289280000
1390569915,915.105000000000,0.630399670000
1390569915,915.300000000000,10.000000000000
1390569317,919.999990000000,0.482200000000
1390569293,919.999990000000,3.557649900000
1390569293,919.994990000000,0.789865890000
1390569195,921.884520000000,0.030950020000
1390569186,915.100000000000,0.778710720000
1390569170,915.100000000000,0.256410100000
1390569161,915.100000000000,0.182248090000
1390569146,915.100000000000,0.099400000000
1390569117,916.000000000000,0.009039400000
1390569100,916.000000000000,0.016080910000
1390569090,921.914590000000,0.010000000000
1390569089,920.000000000000,0.100000000000
1390569071,916.000000000000,1.291726570000
1390569040,916.000000000000,1.174149650000
1390569040,916.100000000000,0.162850350000
1390569010,916.100000000000,0.037149650000
1390568980,916.000000000000,1.337000000000
1390568916,917.999990000000,1.000000000000
1390568854,917.999990000000,0.072411600000
1390568854,916.600000000000,0.927588400000
1390568832,916.000000000000,6.019353060000
1390568823,916.000000000000,0.100000000000
1390568813,916.000000000000,0.052650410000
1390568765,915.100000000000,0.400000000000
1390568725,916.600000000000,0.239649770000
1390568699,916.600000000000,0.933740000000
1390568680,916.000000000000,4.996731120000
1390568663,916.600000000000,0.019400010000
1390568662,916.146680000000,0.000599990000
1390568617,916.000000000000,7.003268880000
1390568617,916.005000000000,0.054662830000
1390568616,916.500000000000,0.309096150000
1390568616,916.500000000000,5.561742060000
1390568616,916.600000000000,2.071230080000
1390568615,916.600000000000,0.015604500000
1390568613,916.600000000000,0.015604500000
1390568607,916.600000000000,0.017939100000
1390568586,916.600000000000,0.068144620000
1390568575,916.500000000000,0.079415500000
1390568564,916.500000000000,0.079415500000
1390568476,917.000000000000,0.759711010000
1390568455,917.000000000000,0.240288990000
1390568430,916.500000000000,0.079497320000
1390568427,916.500000000000,0.079497320000
1390568409,916.500000000000,0.500000000000
1390568393,916.500000000000,0.068427070000
1390568391,916.505000000000,0.068427070000
1390568369,921.974790000000,0.087408840000
1390568368,917.167920000000,0.012591160000
1390568302,916.500000000000,0.697923480000
1390568302,916.505000000000,0.213376660000
1390568277,916.500000000000,0.068624690000
1390568268,916.500000000000,0.010262700000
1390568245,921.989960000000,0.115631280000
1390568233,916.500000000000,0.956640000000
1390568226,921.994980000000,0.033776600000
1390568220,916.500000000000,0.114715000000
1390568155,917.000000000000,0.101631920000
1390568155,917.000000000000,0.671931740000
1390568122,917.000000000000,0.800000000000
1390568120,917.000000000000,4.000000000000
1390568117,917.000000000000,0.800000000000
1390568088,917.000000000000,0.163068260000
1390568056,917.000000000000,0.250000000000
1390567949,918.000000000000,0.010000000000
1390567948,918.000000000000,0.275331290000
1390567946,918.000000000000,0.224668710000
1390567946,918.000000000000,0.145882050000
1390567846,918.000000000000,0.010000000000
1390567824,921.999990000000,1.000000000000
1390567809,918.000000000000,0.094117950000
1390567809,918.500000000000,0.010000000000
1390567809,921.000000000000,0.195796510000
1390567781,921.999990000000,1.000000000000
1390567745,921.000000000000,0.100000000000
1390567648,921.000000000000,0.500000000000
1390567638,920.500000000000,0.013203480000
1390567638,920.350000000000,0.100000000000
1390567638,920.000000000000,0.091000000000
1390567616,920.370000000000,0.009000000000
1390567536,920.370000000000,0.010000000000
1390567528,920.370000000000,0.020000000000
1390567528,920.370000000000,0.100000000000
1390567528,920.370000000000,0.011000000000
1390567527,919.567880000000,0.300000000000
1390567510,919.000000000000,0.157278300000
1390567481,919.466550000000,0.009999990000
1390567475,919.000000000000,0.812721710000
1390567446,918.765400000000,0.010000000000
1390567446,918.645780000000,0.009999990000
1390567446,918.569790000000,0.009999990000
1390567287,920.370000000000,0.089000000000
1390567245,918.000000000000,0.010000000000
1390567135,921.994830000000,0.021349550000
1390566895,923.000000000000,0.010000000000
1390566807,918.000000000000,0.100000000000
1390566793,918.005000000000,0.063472480000
1390566791,919.000000000000,0.036527520000
1390566708,923.713110000000,0.296533490000
1390566707,923.712800000000,0.056999990000
1390566707,923.711400000000,0.116000000000
1390566707,921.000000000000,0.100000000000
1390566707,920.000000000000,0.100000000000
1390566706,919.000000000000,0.100000000000
1390566681,918.000000000000,0.100000000000
1390566569,918.000000000000,0.147931550000
1390566519,918.000000000000,0.100000000000
1390566518,918.000000000000,0.100000000000
1390566441,917.000000000000,0.425000000000
1390566432,916.500000000000,0.500000000000
1390566388,917.000000000000,0.075000000000
1390566360,916.500000000000,0.500000000000
1390566286,915.100000000000,0.700000000000
1390566202,915.100000000000,0.361941810000
1390566088,915.000000000000,0.834000000000
1390566074,915.000000000000,0.820000000000
1390566044,913.307520000000,0.178937140000
1390566044,913.310010000000,0.071062860000
1390566004,913.305010000000,8.544044930000
1390566004,914.000000000000,1.094091890000
1390566004,914.000000000000,0.361863180000
1390565948,914.000000000000,0.734162940000
1390565947,914.005000000000,0.214369670000
1390565946,915.000000000000,0.327868840000
1390565946,915.000000000000,5.000000000000
1390565946,916.000000000000,0.297800000000
1390565946,916.000000000000,3.431288550000
1390565505,916.000000000000,1.457340000000
1390565436,919.981460000000,0.324857920000
1390565436,919.979760000000,0.111000000000
1390565436,919.979720000000,0.115999990000
1390565436,918.000000000000,0.064000000000
1390565436,917.999440000000,0.056999990000
1390565430,915.215170000000,0.111371450000
1390565164,914.000000000000,0.012369780000
1390565042,916.860660000000,0.000226540000
1390564932,914.000000000000,0.041604080000
1390564837,913.163530000000,0.054445920000
1390564830,913.148530000000,1.538658040000
1390564830,913.151030000000,0.644230990000
1390564755,913.111010000000,2.707463640000
1390564755,913.199600000000,0.010160970000
1390564755,913.216530000000,0.011051520000
1390564755,913.379920000000,0.010038130000
1390564754,913.384920000000,0.661859530000
1390564753,913.410220000000,0.010000000000
1390564753,913.801000000000,2.700000000000
1390564753,913.831280000000,2.961963880000
1390564753,914.021330000000,2.327462330000
1390564733,919.982730000000,0.109404840000
1390564661,914.006320000000,0.400000000000
1390564618,914.000000000000,0.009961860000
1390564596,913.936310000000,0.598926640000
1390564595,913.936320000000,0.431073360000
1390564593,914.000000000000,0.010038140000
1390564572,919.715000000000,0.020190210000
1390564572,919.715000000000,0.043999990000
1390564546,913.936310000000,0.382181000000
1390564545,914.364160000000,0.010038130000
1390564545,915.000000000000,0.107867320000
1390564545,915.000000000000,0.025000000000
1390564545,915.000000000000,0.474913550000
1390564539,919.500000000000,0.010000000000
1390564467,915.000000000000,0.025086450000
1390564467,915.000000000000,1.000000000000
1390564467,915.000000000000,0.200000000000
1390564466,915.000000000000,0.100000000000
1390564466,915.000000000000,0.500000000000
1390564466,915.000000000000,0.674913550000
1390564463,919.999990000000,0.881506750000
1390564463,919.998280000000,0.110999990000
1390564463,919.994990000000,0.414250230000
1390564462,919.994320000000,0.056999990000
1390564462,919.993280000000,0.116000000000
1390564461,919.715000000000,0.043999990000
1390564332,915.000000000000,0.848235130000
1390564253,919.995000000000,0.423446220000
1390564252,919.990000000000,0.090000000000
1390564251,919.989330000000,0.057000000000
1390564145,915.000000000000,2.928967620000
1390564144,915.348410000000,0.010038130000
1390563905,915.000000000000,3.784012040000
1390563783,916.010000000000,0.254147020000
1390563775,915.000000000000,1.708254840000
1390563775,915.000000000000,0.088725850000
1390563775,915.011000000000,0.010000000000
1390563775,915.121200000000,0.447864560000
1390563775,915.200000000000,3.000000000000
1390563775,915.237040000000,0.010000000000
1390563774,915.348410000000,0.010038130000
1390563774,915.363280000000,2.800000000000
1390563774,915.500000000000,0.250000000000
1390563774,915.565000000000,0.048999990000
1390563774,915.587560000000,0.801858300000
1390563774,916.000000000000,0.109170310000
1390563773,916.000000000000,18.899999990000
1390563773,916.005000000000,0.662028370000
1390563771,916.010000000000,0.840000000000
1390563771,917.000000000000,0.500000000000
1390563771,917.000000000000,0.034788410000
1390563771,917.500000000000,1.930000000000
1390563391,917.340000000000,0.050000000000
1390563365,917.000000000000,0.152779750000
1390563350,916.010010000000,0.050000000000
1390563343,917.300000000000,0.847220240000
1390563312,917.300000000000,1.000000000000
1390563279,917.300000000000,0.990000000000
1390563279,917.340000000000,0.010000000000
1390563168,917.300000000000,0.999900000000
1390563131,917.300000000000,1.300000000000
1390563112,919.999990000000,0.010221020000
1390563070,919.999990000000,0.178960000000
1390562931,919.999990000000,2.099193670000
1390562931,919.000000000000,0.010000000000
1390562930,919.000000000000,0.432389820000
1390562696,917.300000000000,0.862879760000
1390562695,917.340000000000,0.137120240000
1390562326,917.340000000000,0.026396000000
1390562325,918.000000000000,0.010622140000
1390562182,919.000000000000,0.567610180000
1390561852,919.999990000000,1.865000000000
1390561773,919.999990000000,0.060176020000
1390561719,919.999990000000,0.100000000000
1390561625,917.315020000000,0.062533620000
1390561625,918.000000000000,0.037466380000
1390561504,923.995000000000,0.010000000000
1390561373,924.884950000000,0.199001560000
1390561373,924.854270000000,0.572998460000
1390561372,924.852560000000,0.115999990000
1390561372,923.864000000000,0.056999990000
1390561372,923.864000000000,0.045000000000
1390561371,920.000000000000,0.010000000000
1390561291,916.905000000000,0.010000000000
1390561291,916.905000000000,0.010000000000
1390561287,916.905000000000,0.010000000000
1390561276,916.905000000000,0.010000000000
1390561118,924.932800000000,0.119277810000
1390561033,918.000000000000,0.100000000000
1390560992,916.285030000000,0.103259290000
1390560872,924.934840000000,0.762537130000
1390560871,924.000000000000,0.010000000000
1390560871,923.864000000000,0.045000000000
1390560870,921.000000000000,0.010000000000
1390560870,920.000000000000,0.010000000000
1390560870,920.000000000000,0.062462870000
1390560870,918.000000000000,0.100000000000
1390560806,918.000000000000,0.100000000000
1390560804,918.000000000000,2.694094040000
1390560541,918.000000000000,2.000000000000
1390560535,918.000000000000,0.060000000000
1390560529,918.000000000000,0.016382920000
1390560505,918.000000000000,0.187497000000
1390560452,918.000000000000,0.014181680000
1390560449,918.000000000000,0.843844360000
1390560449,918.000000000000,0.022520190000
1390560413,918.000000000000,0.017479810000
1390560340,918.000000000000,0.060000000000
1390560306,915.587560000000,2.154423960000
1390560305,916.000000000000,0.571766700000
1390560225,916.000000000000,0.478233300000
1390560225,916.000000000000,0.224890830000
1390560225,916.000000000000,0.200000000000
1390560224,916.020000000000,0.545839600000
1390560224,916.025000000000,0.051036270000
1390560223,917.000000000000,0.500000000000
1390560020,916.240000000000,0.100000000000
1390560013,916.040010000000,1.918771560000
1390560012,916.230000000000,0.023710320000
1390560012,916.938000000000,0.049000000000
1390560012,917.067510000000,0.009999990000
1390560012,917.343830000000,0.831460900000
1390560011,917.348830000000,0.053157230000
1390559672,920.000000000000,0.007537130000
1390559666,920.000000000000,0.030000000000
1390559615,917.343830000000,0.500000000000
1390559552,917.343830000000,1.619161480000
1390559552,917.348830000000,0.383238520000
1390559469,917.359010000000,0.557280370000
1390559468,918.000000000000,0.052499630000
1390559322,918.000000000000,0.010000000000
1390559150,923.994990000000,0.239856130000
1390559149,920.200000000000,0.010000000000
1390559147,918.000000000000,0.987609290000
1390559147,918.313000000000,0.048999990000
1390559146,918.901650000000,0.009999990000
1390559146,919.100110000000,1.857599470000
1390559145,920.000000000000,0.609314730000
1390559021,920.000000000000,0.010000000000
1390558727,919.100110000000,1.087384670000
1390558727,919.650000000000,0.010000000000
1390558727,919.690000000000,0.049000000000
1390558727,919.900000000000,0.024378430000
1390558726,920.000000000000,0.200000000000
1390558726,920.000000000000,3.529236900000
1390558712,923.999990000000,0.288010530000
1390558712,923.995000000000,0.795239790000
1390558623,920.000000000000,10.000000000000
1390558600,920.000000000000,2.900000000000
1390558558,923.999990000000,0.010000000000
1390558499,920.000000000000,9.948865080000
1390558490,920.000000000000,0.010000000000
1390558481,923.999990000000,0.010000000000
1390558477,920.000000000000,0.010000000000
1390558475,923.999990000000,0.010000000000
1390558442,923.999990000000,0.010000000000
1390558429,920.000000000000,2.914673730000
1390558410,920.000000000000,20.000000000000
1390558374,920.000000000000,0.666594290000
1390558340,920.000000000000,5.458499980000
1390558331,920.000000000000,39.900600000000
1390558143,920.000000000000,4.661530020000
1390558143,920.000000000000,0.030792380000
1390558143,920.000000000000,0.257560230000
1390558142,920.000010000000,0.010000000000
1390558142,920.200000000000,0.010117370000
1390558142,921.000000000000,0.010000000000
1390558142,922.000000000000,0.010000000000
1390558141,923.000000000000,0.010000000000
1390558079,923.849990000000,0.010000000000
1390558035,923.849990000000,0.010000000000
1390557957,920.000000000000,0.742439770000
1390557957,920.000000000000,1.182560230000
1390557956,920.010000000000,0.130000000000
1390557943,923.999990000000,0.013040640000
1390557900,920.000000000000,0.012965560000
1390557900,920.006570000000,0.009999990000
1390557900,920.200000000000,19.647872560000
1390557900,920.210000000000,0.189161900000
1390557899,921.000000000000,0.010000000000
1390557899,922.000000000000,0.010000000000
1390557899,923.000000000000,0.010000000000
1390557899,923.999980000000,0.009999990000
1390557864,923.999990000000,0.010000000000
1390557817,923.999990000000,0.010000000000
1390557810,923.999990000000,0.010000000000
1390557782,923.999990000000,0.010000000000
1390557758,920.200000000000,0.037548220000
1390557749,920.200000000000,8.856000010000
1390557748,921.069000000000,0.043999990000
1390557531,923.999990000000,0.065454900000
1390557523,923.999990000000,0.010000000000
1390557512,923.999990000000,0.010000000000
1390557496,920.200000000000,4.769502920000
1390557495,920.200010000000,1.499999990000
1390557495,920.205000000000,0.056497110000
1390557495,920.205010000000,0.100000000000
1390557495,920.218990000000,0.175000000000
1390557494,921.069000000000,0.134999990000
1390557494,921.069000000000,0.033999990000
1390557472,924.000000000000,0.010000000000
1390557468,923.999990000000,0.010000000000
1390557461,923.999990000000,0.010000000000
1390557365,923.999990000000,0.029891390000
1390557358,921.069000000000,0.010000000000
1390557193,923.999990000000,0.010000000000
1390557188,924.000000000000,0.010000000000
1390557184,923.999990000000,0.010000000000
1390557176,923.999990000000,0.010000000000
1390557155,920.205000000000,0.010000000000
1390557147,924.000000000000,0.010000000000
1390557146,920.200000000000,4.579371740000
1390557146,920.200010000000,0.100000000000
1390557146,920.220000000000,1.250628260000
1390557146,920.220010000000,0.070000000000
1390557144,923.999990000000,0.010000000000
1390557140,923.999990000000,0.010000000000
1390557137,920.220010000000,0.010000000000
1390557134,923.999990000000,0.010000000000
1390557129,923.999990000000,0.010000000000
1390557123,920.220010000000,0.010000000000
1390557123,923.999990000000,0.010000000000
1390557119,923.999990000000,0.010000000000
1390557114,924.000000000000,0.010000000000
1390557110,920.220010000000,0.010000000000
1390557110,923.999990000000,0.010000000000
1390557103,923.999990000000,0.010000000000
1390557080,920.220000000000,0.010000000000
1390557077,923.999990000000,0.010000000000
1390557074,920.220000000000,0.010000000000
1390557072,924.000000000000,0.010000000000
1390557068,923.999990000000,0.010000000000
1390557064,924.000000000000,0.010000000000
1390557060,923.999990000000,0.010000000000
1390557057,924.000000000000,0.010000000000
1390557052,923.999990000000,0.010000000000
1390557051,920.220000000000,0.010000000000
1390557005,923.999990000000,0.010000000000
1390557001,923.999990000000,0.010000000000
1390556997,924.000000000000,0.010000000000
1390556994,923.999990000000,0.010000000000
1390556990,924.000000000000,0.010000000000
1390556987,923.999990000000,0.010000000000
1390556980,923.999990000000,0.010000000000
1390556977,923.999990000000,0.010000000000
1390556972,923.999990000000,0.010000000000
1390556968,923.999990000000,0.010000000000
1390556963,923.999990000000,0.010000000000
1390556945,920.200000000000,10.648720340000
1390556945,920.205000000000,0.351279660000
1390556944,920.210000000000,1.000000000000
1390556924,924.000000000000,0.010000000000
1390556923,920.200000000000,10.801880870000
1390556923,920.200010000000,0.499999990000
1390556923,920.200010000000,0.010000000000
1390556923,920.200020000000,0.010000000000
1390556923,920.200030000000,0.010000000000
1390556923,920.205000000000,0.638119140000
1390556922,921.000000000000,0.010000000000
1390556922,922.000000000000,0.010000000000
1390556921,923.000000000000,0.010000000000
1390556919,923.999990000000,0.010000000000
1390556915,924.000000000000,0.010000000000
1390556912,923.999990000000,0.010000000000
1390556908,924.000000000000,0.010000000000
1390556904,923.999990000000,0.010000000000
1390556900,924.000000000000,0.010000000000
1390556896,923.999990000000,0.010000000000
1390556872,923.999990000000,2.900000000000
1390556823,920.200000000000,2.922054330000
1390556823,920.200010000000,10.599999990000
1390556823,920.205010000000,0.638389160000
1390556821,920.590000000000,0.023723010000
1390556821,920.856380000000,2.293002120000
1390556821,920.900000000000,1.000000000000
1390556821,921.069000000000,0.044999990000
1390556807,923.999990000000,0.010000000000
1390556366,920.856380000000,0.646365300000
1390556366,921.000000000000,0.010000000000
1390556366,921.020000000000,0.542876380000
1390556366,921.069000000000,0.134999990000
1390556366,921.069000000000,0.048000000000
1390556365,921.881660000000,0.009999990000
1390556365,922.000000000000,0.340099500000
1390556365,922.000000000000,1.267658840000
1390556326,922.000000000000,12.100000000000
1390556325,922.000000000000,0.042227950000
1390556325,922.000010000000,0.010000000000
1390556325,922.005010000000,2.912772050000
1390556325,922.450000000000,0.035000000000
1390556319,922.450000000000,0.010000000000
1390556296,922.005010000000,2.387227950000
1390556295,922.005060000000,0.135000000000
1390556295,922.006770000000,0.174999990000
1390556295,922.450000000000,0.047000000000
1390556295,922.612660000000,0.255772060000
1390556251,922.612660000000,2.678000010000
1390556251,922.613990000000,0.174999990000
1390556251,923.200000000000,0.100000000000
1390556251,923.833000000000,0.047000000000
1390556243,924.368930000000,2.928197990000
1390556243,925.000000000000,1.506270260000
1390556243,925.000020000000,0.010000000000
1390556243,925.000030000000,1.000000000000
1390556243,925.001000000000,0.010000000000
1390556243,925.001010000000,0.010000000000
1390556243,925.001020000000,0.010000000000
1390556243,925.001030000000,0.010000000000
1390556243,925.001040000000,0.010000000000
1390556242,925.001050000000,0.010000000000
1390556242,925.001060000000,0.010000000000
1390556242,925.005010000000,0.010000000000
1390556242,925.005020000000,0.010000000000
1390556242,925.005030000000,0.010000000000
1390556242,925.005040000000,0.010000000000
1390556242,925.005050000000,0.010000000000
1390556241,925.005050000000,0.010000000000
1390556241,925.005060000000,0.010000000000
1390556241,925.005070000000,0.010000000000
1390556241,925.005080000000,0.010000000000
1390556241,925.005090000000,0.010000000000
1390556241,925.005100000000,0.010000000000
1390556240,925.100000000000,0.100000000000
1390556240,925.100000000000,0.288785230000
1390556240,925.200000000000,0.209098980000
1390556240,925.218000000000,0.046999990000
1390556225,926.000000000000,7.204586290000
1390556071,926.605000000000,0.046999990000
1390555923,926.000000000000,0.150906150000
1390555923,927.990000000000,0.014000000000
1390555697,925.200000000000,0.104930410000
1390555697,925.200000000000,1.511990850000
1390555697,925.200010000000,0.336078750000
1390555697,925.218000000000,0.046999990000
1390555691,928.000000000000,6.598513860000
1390555691,927.999990000000,0.168374390000
1390555691,927.995000000000,0.363111750000
1390555553,927.985000000000,1.080826360000
1390555522,928.000000000000,6.418026080000
1390555522,928.000010000000,0.126792850000
1390555501,928.000000000000,2.581973920000
1390555500,929.000000000000,0.004509290000
1390555498,929.000000000000,2.586483210000
1390555404,929.989990000000,0.020000000000
1390555330,929.000000000000,0.300000000000
1390555327,929.000000000000,0.010000000000
1390555200,929.000000000000,1.418594860000
1390555178,929.989990000000,0.500000000000
1390555144,929.989990000000,0.449332680000
1390555144,929.985000000000,0.519211790000
1390555132,929.989990000000,0.184501760000
1390555132,929.985000000000,0.815498240000
1390555095,925.205000000000,0.010000000000
1390555050,930.000000000000,1.986500000000
1390554994,925.200000000000,0.009730520000
1390554994,925.200010000000,0.010000000000
1390554992,931.000000000000,0.010000000000
1390554968,925.200000000000,2.201119190000
1390554968,925.200010000000,0.150135060000
1390554968,925.205000000000,0.072645750000
1390554918,925.200000000000,1.122939750000
1390554918,925.200010000000,0.678184900000
1390554918,925.205010000000,0.198875350000
1390554881,925.205010000000,0.080354200000
1390554878,925.200010000000,1.385912330000
1390554877,925.205000000000,0.614087670000
1390554860,925.200000000000,0.228798160000
1390554860,925.215020000000,0.627612880000
1390554859,930.000000000000,2.000000000000
1390554859,930.000010000000,0.367555960000
1390554851,932.860000000000,0.050845680000
1390554781,925.100000000000,0.381832760000
1390554781,925.100010000000,0.964291720000
1390554781,925.105000000000,0.641146960000
1390554780,925.218000000000,0.012728560000
1390554705,925.218000000000,0.034271440000
1390554705,926.423080000000,0.015761640000
1390554705,927.000000000000,0.128122980000
1390554635,932.990000000000,0.012222590000
1390554525,933.599980000000,0.964291770000
1390554525,933.599980000000,10.599999990000
1390554525,933.517130000000,0.010876450000
1390554525,933.500000000000,0.010000000000
1390554525,933.217130000000,0.010876440000
1390554525,933.000000000000,0.010000000000
1390554524,932.500000000000,0.010000000000
1390554524,932.220000000000,0.043999990000
1390554524,932.000000000000,0.010000000000
1390554524,932.000000000000,0.010000000000
1390554524,931.960000000000,1.000000000000
1390554524,931.843710000000,0.009999990000
1390554524,931.554650000000,0.015952160000
1390554524,931.000000000000,0.010000000000
1390554524,930.704670000000,0.009999990000
1390554524,930.530000000000,0.010000000000
1390554523,930.530000000000,2.200000000000
1390554523,930.000000000000,0.010000000000
1390554523,930.000000000000,1.000000000000
1390554523,930.000000000000,3.537477560000
1390554523,929.995000000000,0.300000000000
1390554484,930.000000000000,16.125524430000
1390554484,929.995000000000,0.090673380000
1390554454,930.000000000000,10.336998010000
1390554454,930.000000000000,0.010000000000
1390554454,930.000000000000,0.017956240000
1390554454,929.991930000000,0.025329730000
1390554454,929.990000000000,1.640000000000
1390554454,929.983750000000,0.009999990000
1390554454,929.983750000000,0.009999990000
1390554453,929.900000000000,0.010000000000
1390554453,929.900000000000,1.000000000000
1390554453,929.895000000000,0.072562130000
1390554452,929.210000000000,0.173852770000
1390554452,929.200000000000,0.010000000000
1390554452,929.065490000000,6.000000000000
1390554451,929.000000000000,0.010000000000
1390554451,929.000000000000,0.980000000000
1390554451,929.000000000000,1.304899390000
1390554451,925.002000000000,0.010000000000
1390554411,929.000000000000,0.195100610000
1390554411,929.000000000000,0.250000000000
1390554411,928.956410000000,0.010031040000
1390554410,928.850000000000,0.010000000000
1390554410,928.679990000000,0.615949410000
1390554366,928.679990000000,2.097327780000
1390554366,928.679980000000,8.713483030000
1390554351,928.679930000000,0.010000000000
1390554348,928.000000000000,0.010000000000
1390554343,926.000000000000,0.010000000000
1390554339,925.010000000000,0.010000000000
1390554316,925.000000000000,2.840999990000
1390554313,925.000000000000,1.259000000000
1390554280,925.000000000000,1.000000000000
1390554219,923.643240000000,1.870000000000
1390554212,923.643240000000,0.990000000000
1390554212,923.648250000000,0.010000000000
1390554118,925.000000000000,0.324320000000
1390554118,925.000000000000,3.895489350000
1390554097,925.000000000000,2.000000000000
1390554071,925.000000000000,0.357780000000
1390554071,925.000010000000,0.010000000000
1390553973,925.000000000000,3.710322030000
1390553973,925.000000000000,0.007861920000
1390553973,925.404830000000,0.981816060000
1390553905,925.404830000000,1.942861010000
1390553905,926.000000000000,0.126000000000
1390553904,927.166420000000,2.919120270000
1390553904,928.000000000000,8.012018720000
1390553890,928.000000000000,1.800642070000
1390553890,928.000010000000,0.019685700000
1390553806,928.679990000000,1.909706280000
1390553806,928.600000000000,1.090293720000
1390553803,928.600000000000,0.070776390000
1390553770,928.600000000000,2.153714870000
1390553770,928.599990000000,0.019685130000
1390553749,928.000000000000,0.078414870000
1390553748,928.000010000000,0.019685130000
1390553736,928.600000000000,0.020000000000
1390553733,928.600000000000,6.872015010000
1390553675,928.679990000000,0.302266530000
1390553675,928.679980000000,1.597733470000
1390553656,928.679980000000,2.079842580000
1390553655,928.679970000000,0.009999990000
1390553654,927.000000000000,0.097650000000
1390553649,926.000010000000,0.010000000000
1390553621,928.679980000000,0.080000000000
1390553612,928.679980000000,0.250000000000
1390553611,928.679980000000,0.419479600000
1390553611,928.000000000000,1.000000000000
1390553611,928.000000000000,0.300000000000
1390553611,928.000000000000,2.280520400000
1390553547,927.999990000000,0.872944340000
1390553546,927.859250000000,0.081639410000
1390553546,927.658510000000,0.035416250000
1390553546,927.000000000000,0.010000000000
1390553517,926.000000000000,2.039344890000
1390553517,925.999990000000,0.380813490000
1390553483,926.000000000000,0.030655110000
1390553482,925.000000000000,0.537706500000
1390553481,925.000010000000,0.380813500000
1390553373,927.658510000000,0.426403790000
1390553372,926.274940000000,0.009999990000
1390553372,926.248000000000,0.095894560000
1390553372,924.426090000000,0.010000000000
1390553365,923.000000000000,0.010000000000
1390553365,922.100000000000,0.157530540000
1390553360,922.100000000000,9.000000000000
1390553354,922.100000000000,0.048000000000
1390553292,922.100000000000,1.084457550000
1390553274,922.100000000000,9.784900000000
1390553208,922.100000000000,0.750000000000
1390553162,922.100000000000,0.023748890000
1390553160,922.100000000000,0.023748890000
1390553099,922.100000000000,2.890000000000
1390553097,922.100000000000,0.023774810000
1390553097,922.100000000000,0.023774810000
1390553035,922.100000000000,0.555694990000
1390553035,921.750000000000,0.530000000000
1390553033,922.100000000000,0.023800740000
1390553032,922.100000000000,0.023800740000
1390553030,922.100000000000,0.055399210000
1390553030,922.000000000000,0.244600790000
1390552971,922.100000000000,0.023826710000
1390552970,922.100000000000,0.023826710000
1390552968,922.100000000000,1.083423620000
1390552931,922.100000000000,11.537348170000
1390552908,922.100000000000,0.023852720000
1390552908,922.100000000000,0.023852720000
1390552863,922.100000000000,0.937602610000
1390552863,922.095000000000,0.062397390000
1390552843,922.100000000000,0.023878730000
1390552843,922.100000000000,0.023878730000
1390552833,922.100000000000,0.221488930000
1390552833,922.095000000000,0.025323250000
1390552797,922.095000000000,0.010000000000
1390552781,922.095000000000,0.023904780000
1390552778,922.095000000000,0.023904780000
1390552736,922.100000000000,19.000000000000
1390552707,922.100000000000,0.095878290000
1390552707,922.095000000000,0.104121710000
1390552679,922.100000000000,4.282113160000
1390552679,922.095000000000,0.162221040000
1390552679,922.090000000000,1.555665800000
1390552666,922.090000000000,0.301445480000
1390552574,922.090000000000,0.142888720000
1390552574,922.000000000000,0.057111280000
1390552409,922.000000000000,0.194388720000
1390552296,922.095000000000,0.037277660000
1390552253,922.000000000000,0.048000000000
1390552231,922.000000000000,0.100000000000
1390552163,922.000000000000,0.010000000000
1390552163,922.000000000000,0.100000000000
1390552015,922.100000000000,8.230397730000
1390552015,922.015000000000,0.222275970000
1390552014,922.010000000000,1.198727890000
1390552014,922.000000000000,0.100000000000
1390552014,921.000000000000,0.248598410000
1390551997,922.010000000000,0.130726020000
1390551997,922.009990000000,0.176273980000
1390551997,922.000000000000,0.033000000000
1390551857,922.000000000000,0.067000000000
1390551776,920.000000000000,0.963443760000
1390551775,920.000010000000,0.036556240000
1390551716,920.000010000000,0.139717740000
1390551693,922.010000000000,0.432199960000
1390551692,922.000000000000,0.100000000000
1390551644,922.000000000000,0.457000000000
1390551629,922.000000000000,22.000000000000
1390551587,922.000000000000,0.082000000000
1390551584,922.000000000000,0.500000000000
1390551577,922.000000000000,0.378000000000
1390551572,922.000000000000,0.500000000000
1390551569,922.000000000000,0.500000000000
1390551548,921.994990000000,5.299999990000
1390551542,922.010000000000,2.158346120000
1390551541,922.000000000000,0.500000000000
1390551541,922.000000000000,24.469879010000
1390551541,921.995000000000,0.454491690000
1390551540,920.290000000000,0.210000000000
1390551540,920.290000000000,0.207283180000
1390551475,920.290000000000,0.002716820000
1390551475,920.290000000000,0.002205990000
1390551341,920.290000000000,0.207794010000
1390551341,920.279180000000,6.833771400000
1390551340,920.279170000000,0.958434590000
1390551290,920.279260000000,0.102173910000
1390551059,920.279710000000,0.216200460000
1390551059,920.000000000000,0.033898540000
1390551021,917.924730000000,0.072031700000
1390550933,917.924730000000,0.859021640000
1390550933,917.924740000000,0.140978360000
1390550888,920.000000000000,0.466101460000
1390550888,919.000000000000,0.010000000000
1390550888,918.750000000000,1.678983230000
1390550828,918.750000000000,1.218413410000
1390550828,918.750010000000,0.102603360000
1390550789,920.000000000000,0.144607950000
1390550789,919.999990000000,0.016630610000
1390550789,919.740000000000,0.210000000000
1390550789,919.740000000000,0.210000000000
1390550789,919.740000000000,0.210000000000
1390550789,918.760000000000,0.210000000000
1390550756,918.530000000000,0.177741920000
1390550756,918.500000000000,0.440073230000
1390550496,918.530000000000,0.010752690000
1390550487,918.530000000000,0.010752690000
1390550476,918.530000000000,0.010752690000
1390550463,918.080000000000,0.003369390000
1390550462,918.080010000000,0.016630610000
1390550389,918.540000000000,0.210000000000
1390550379,918.540000000000,0.042687350000
1390550379,918.540000000000,0.210000000000
1390550358,918.000000000000,0.010000000000
1390550323,918.734990000000,0.066089140000
1390550306,918.739990000000,1.973554750000
1390550305,918.000000000000,1.000000000000
1390550305,917.999990000000,1.493150320000
1390550305,917.995000000000,0.644101570000
1390550165,918.954920000000,0.540498120000
1390550054,919.934970000000,0.250000000000
1390549989,910.300300000000,0.059411480000
1390549880,920.484790000000,0.512440530000
1390549880,914.000000000000,0.681913520000
1390549880,913.810000000000,0.205645950000
1390549857,913.810000000000,0.004354040000
1390549857,913.810000000000,0.119962430000
1390549727,914.000000000000,0.010000000000
1390549727,912.990000000000,0.010000000000
1390549721,913.000000000000,0.200000000000
1390549669,915.000000000000,1.506086470000
1390549649,915.000000000000,0.503512990000
1390549618,915.000000000000,0.210000000000
1390549609,915.000000000000,0.210000000000
1390549600,915.000000000000,0.210000000000
1390549592,915.000000000000,0.210000000000
1390549582,915.000000000000,0.210000000000
1390549574,915.000000000000,0.072677190000
1390549573,915.000010000000,0.137322810000
1390549565,915.000010000000,0.120119700000
1390549554,915.000010000000,0.059999970000
1390549546,915.000010000000,0.210000000000
1390549538,915.000010000000,0.107009400000
1390549529,915.000010000000,0.210000000000
1390549520,915.000010000000,0.157520570000
1390549520,915.005000000000,0.052479430000
1390549507,915.000010000000,0.210000000000
1390549500,915.000010000000,0.056674500000
1390549499,915.005000000000,0.153325500000
1390549406,922.989990000000,3.957193210000
1390549406,922.985000000000,0.212294860000
1390549406,922.983290000000,0.116000000000
1390549406,922.940000000000,0.057000000000
1390549396,923.000000000000,0.301288550000
1390549336,910.050050000000,1.115113700000
1390549336,910.093000000000,0.048000000000
1390549336,911.587040000000,0.010000000000
1390549336,912.000000000000,0.464607690000
1390549336,912.000000000000,0.116000000000
1390549336,912.005000000000,0.068480150000
1390549335,913.910220000000,0.095894550000
1390549335,915.500000000000,0.081639400000
1390549335,917.000000000000,0.200000000000
1390549265,914.000010000000,0.053805410000
1390549265,915.000000000000,0.144025080000
1390549265,915.000000000000,0.438000000000
1390549265,915.005000000000,0.164169510000
1390549253,915.005000000000,0.018000000000
1390549224,915.005000000000,0.020000000000
1390549222,926.844980000000,0.004304640000
1390549220,926.853270000000,0.012569410000
1390549218,926.854980000000,0.012569410000
1390549216,926.854980000000,0.012569410000
1390549197,915.005000000000,0.020000000000
1390549182,915.005000000000,0.020000000000
1390549181,916.000000000000,0.380000000000
1390549169,916.000000000000,0.020000000000
1390549160,915.005000000000,0.012500000000
1390549132,915.005000000000,0.020000000000
1390549090,918.990000000000,0.214478260000
1390549089,918.985000000000,0.095932750000
1390549089,918.940000000000,0.089588990000
1390549043,918.990000000000,3.553275600000
1390549022,913.170000000000,0.010000000000
1390549018,913.410220000000,0.010000000000
1390548998,928.000000000000,2.045482980000
1390548998,927.910930000000,0.108649940000
1390548998,927.900000000000,0.975000000000
1390548998,927.600000000000,9.305000000000
1390548998,927.000000000000,3.981178830000
1390548998,927.000000000000,0.250000000000
1390548997,926.274940000000,0.009999990000
1390548997,926.000000000000,0.250000000000
1390548997,926.000000000000,6.000000000000
1390548997,926.000000000000,1.000000000000
1390548997,924.460000000000,0.019600180000
1390548997,924.426090000000,0.010000000000
1390548997,924.000000000000,0.250000000000
1390548997,923.999820000000,0.056999990000
1390548997,923.998290000000,0.116000000000
1390548997,922.580930000000,0.009999990000
1390548996,922.569060000000,0.010000000000
1390548996,920.000000000000,7.500000000000
1390548996,920.000000000000,5.000000000000
1390548996,920.000000000000,1.000000000000
1390548996,919.000000000000,0.010000000000
1390548996,919.000000000000,5.000000000000
1390548996,919.000000000000,1.717240900000
1390548996,918.984990000000,18.135200000000
1390548996,918.984980000000,10.599999990000
1390548996,918.984980000000,7.905497520000
1390548996,918.979990000000,0.172474690000
1390548995,913.990000000000,0.020000000000
1390548975,908.000000000000,2.947502490000
1390548974,908.730000000000,0.049000000000
1390548974,909.807300000000,2.974187120000
1390548974,910.093000000000,0.048999990000
1390548974,911.458000000000,0.049000000000
1390548974,911.539200000000,2.968536230000
1390548974,912.358740000000,1.962774170000
1390548915,919.000000000000,0.100000000000
1390548913,919.000000000000,1.352759100000
1390548913,918.999990000000,1.647240900000
1390548783,907.215030000000,1.647240910000
1390548783,907.220020000000,0.142257270000
1390548781,907.369000000000,0.050000000000
1390548781,907.379000000000,0.027085220000
1390548781,908.000000000000,0.100000000000
1390548745,918.454930000000,0.013419490000
1390548744,918.454930000000,0.013419490000
1390548728,918.459940000000,0.013419490000
1390548727,918.459940000000,0.013419490000
1390548725,918.484930000000,0.013419490000
1390548725,918.484930000000,0.013419490000
1390548725,918.484930000000,1.689912420000
1390548725,918.469940000000,0.170338480000
1390548724,912.000000000000,1.388941590000
1390548724,911.980000000000,0.491000000000
1390548723,910.000000000000,1.259807510000
1390548721,910.000000000000,0.013419490000
1390548720,910.000000000000,0.013419490000
1390548718,910.000000000000,0.013419490000
1390548716,910.000000000000,0.013419490000
1390548715,910.000000000000,0.013419490000
1390548712,910.000000000000,0.013419490000
1390548699,910.000000000000,0.028775600000
1390548699,910.000000000000,0.028775600000
1390548698,910.000000000000,0.374361430000
1390548679,907.210000000000,0.491124790000
1390548678,907.210000000000,0.288619220000
1390548678,907.210010000000,0.170255990000
1390548678,907.369000000000,0.050000000000
1390548674,910.000000000000,3.227762890000
1390548674,909.999990000000,7.772117100000
1390548674,907.990000000000,0.000120010000
1390548663,907.210010000000,1.950000000000
1390548663,907.369000000000,0.050000000000
1390548612,907.990000000000,0.019879990000
1390548595,907.210000000000,5.000000000000
1390548569,907.210000000000,2.711380780000
1390548569,907.259990000000,0.019619230000
1390548568,907.300000000000,1.310000000000
1390548568,907.369000000000,0.038999990000
1390548568,908.000000000000,0.920000000000
1390548521,909.999990000000,0.028775600000
1390548519,909.999990000000,0.028775600000
1390548517,909.999990000000,0.028775600000
1390548515,909.999990000000,0.028775600000
1390548515,908.000000000000,0.020000000000
1390548513,909.999990000000,0.028775600000
1390548511,909.999990000000,0.028775600000
1390548508,909.999990000000,1.203518110000
1390548506,909.999990000000,0.366526690000
1390548486,908.000000000000,0.020000000000
1390548458,908.000000000000,0.020000000000
1390548431,908.000000000000,0.020000000000
1390548337,912.000000000000,1.101058410000
1390548294,907.369000000000,0.010000010000
1390548293,907.951600000000,0.009999990000
1390548269,919.759980000000,0.030000000000
1390548269,910.990000000000,0.020000000000
1390548243,908.000000000000,5.390306630000
1390548242,908.000000000000,1.071000000000
1390548242,908.000000000000,0.185595420000
1390548242,908.000000000000,30.000000000000
1390548241,908.200000000000,13.000000000000
1390548241,908.200010000000,5.300000000000
1390548241,908.452370000000,2.978491480000
1390548241,908.452380000000,15.900000000000
1390548236,908.632520000000,3.208708330000
1390548235,908.650000000000,1.009695690000
1390548235,908.672560000000,10.381595970000
1390548202,908.632520000000,0.307900000000
1390548154,908.562460000000,8.165262070000
1390548154,908.730000000000,0.050000000000
1390548154,910.093000000000,0.050000000000
1390548154,910.181690000000,2.972832420000
1390548153,911.000000000000,2.725313970000
1390548153,911.000010000000,0.984073050000
1390548153,911.005010000000,0.052518490000
1390548106,911.005000000000,0.020000000000
1390548098,911.000000000000,0.909590000000
1390548097,911.000000000000,6.365096030000
1390548097,911.000010000000,3.563491600000
1390548097,911.458000000000,0.050000000000
1390548097,916.000000000000,0.021412370000
1390548097,919.940000000000,1.569417220000
1390548097,919.935000000000,0.063498630000
1390548096,919.914990000000,0.005550800000
1390548063,919.914990000000,0.012367200000
1390548062,919.900000000000,0.016408400000
1390548062,919.900000000000,0.028775600000
1390548062,919.900000000000,0.028775600000
1390548061,919.900000000000,0.028775600000
1390548061,919.900000000000,0.028775600000
1390548052,919.900000000000,0.028775600000
1390548048,919.900000000000,0.028775600000
1390548047,919.900000000000,0.028775600000
1390548046,919.900000000000,0.028775600000
1390548025,914.990000000000,0.020000000000
1390548024,914.940000000000,0.089592000000
1390547990,919.980000000000,0.028775600000
1390547986,919.980000000000,0.028775600000
1390547986,908.000010000000,9.630495910000
1390547985,908.000020000000,0.100000000000
1390547985,908.039610000000,0.010467900000
1390547985,908.730000000000,0.049000000000
1390547985,908.878380000000,0.010000000000
1390547985,909.100000000000,3.792000000000
1390547985,909.100010000000,0.010000000000
1390547985,909.767510000000,0.009999990000
1390547985,910.000000000000,0.061538450000
1390547985,910.000000000000,0.021000000000
1390547984,910.000000000000,0.589700000000
1390547984,910.000000000000,1.000000000000
1390547984,910.000000000000,0.500000000000
1390547984,910.000000000000,0.472512570000
1390547984,910.000010000000,0.010000000000
1390547984,910.093000000000,0.050000000000
1390547984,910.153000000000,1.000000000000
1390547984,910.639990000000,0.019638680000
1390547984,911.230000000000,0.564162440000
1390547984,911.458000000000,0.050000000000
1390547984,911.500000000000,2.000000000000
1390547983,911.587040000000,0.010000000000
1390547983,912.000000000000,3.000000000000
1390547983,912.000000000000,1.361820680000
1390547983,912.000010000000,0.010000000000
1390547983,912.164200000000,0.006138170000
1390547983,912.923940000000,0.109538140000
1390547983,913.410220000000,0.010000000000
1390547983,913.433080000000,1.900000000000
1390547983,914.033080000000,1.900000000000
1390547983,914.038080000000,0.193259070000
1390547982,915.000000000000,5.000000000000
1390547982,915.000000000000,1.092896160000
1390547982,915.000000000000,3.793202930000
1390547982,915.000120000000,2.269837430000
1390547981,916.200000000000,9.392791480000
1390547981,916.200000000000,0.030000000000
1390547981,919.980000000000,0.028775600000
1390547975,920.000000000000,0.008777000000
1390547975,919.999990000000,0.019998600000
1390547972,915.000100000000,0.020000000000
1390547944,915.000030000000,0.020000000000
1390547925,920.000000000000,1.602890730000
1390547925,920.000000000000,0.903340860000
1390547925,919.500000000000,0.994000000000
1390547925,917.999990000000,2.294883200000
1390547921,917.999990000000,0.028775600000
1390547919,917.999990000000,0.028775600000
1390547919,918.000000000000,0.028775600000
1390547917,915.000000000000,0.020000000000
1390547916,917.999990000000,0.028775600000
1390547914,917.999990000000,0.028775600000
1390547881,915.000000000000,0.010000000000
1390547880,915.000010000000,0.010000000000
1390547670,915.010010000000,1.019310750000
1390547670,915.010020000000,0.010000000000
1390547670,915.010030000000,0.617926710000
1390547670,915.010040000000,0.010000000000
1390547592,915.010030000000,0.438526170000
1390547592,915.010040000000,0.010000000000
1390547542,919.999990000000,0.028775600000
1390547540,920.000000000000,0.028775600000
1390547538,919.999990000000,0.028775600000
1390547536,919.999990000000,0.028775600000
1390547528,919.999990000000,0.862218100000
1390547527,919.994000000000,0.137781900000
1390547520,919.994000000000,0.054943310000
1390547518,919.994000000000,0.054943310000
1390547515,919.994000000000,0.054943310000
1390547514,919.994000000000,0.054943310000
1390547463,919.994000000000,0.000000010000
1390547423,919.994000000000,0.485345880000
1390547359,919.944000000000,0.054943310000
1390547358,919.944000000000,0.022493460000
1390547358,918.000000000000,0.032449850000
1390547356,918.000000000000,0.054943310000
1390547354,918.000000000000,0.054943310000
1390547353,918.000000000000,0.054943310000
1390547351,918.000000000000,0.054943310000
1390547313,919.994000000000,0.054943310000
1390547310,919.994000000000,0.037212320000
1390547310,919.944000000000,0.017730990000
1390547309,915.000000000000,0.020000000000
1390547263,915.000000000000,0.961797070000
1390547262,915.680070000000,2.535025200000
1390547262,915.680080000000,0.796033840000
1390547262,915.750000000000,0.300319990000
1390547262,918.000000000000,0.380473900000
1390547255,919.994000000000,0.010000000000
1390547230,919.993990000000,0.054943310000
1390547229,919.994000000000,0.054943310000
1390547227,919.993990000000,0.054943310000
1390547225,919.993990000000,0.037212320000
1390547224,919.945000000000,0.017730990000
1390547159,918.000000000000,3.922358330000
1390547153,918.000000000000,0.020000000000
1390547125,915.680070000000,0.020000000000
1390547075,915.680070000000,0.397600000000
1390547044,919.999990000000,1.176173180000
1390547044,919.995000000000,0.068826820000
1390546996,920.000000000000,0.012940230000
1390546996,919.995000000000,0.042003080000
1390546994,919.995000000000,0.054943310000
1390546991,920.000000000000,0.054943310000
1390546990,919.999990000000,0.054943310000
1390546988,919.999990000000,0.027134170000
1390546988,919.995000000000,0.027809140000
1390546985,919.995000000000,0.054943310000
1390546869,915.750160000000,2.007009470000
1390546869,917.500000000000,4.822631740000
1390546845,917.500000000000,0.139744820000
1390546774,917.380500000000,0.037623440000
1390546709,917.380500000000,0.500000000000
1390546606,915.730130000000,0.014911380000
1390546576,917.000000000000,0.923420000000
1390546531,915.720110000000,0.150000000000
1390546507,917.380500000000,2.520156550000
1390546457,917.380500000000,0.426995760000
1390546457,917.380510000000,0.573004240000
1390546430,917.380510000000,0.401589800000
1390546430,917.385510000000,0.174471820000
1390546429,917.385510000000,0.075670840000
1390546410,917.385510000000,0.700000010000
1390546379,917.390510000000,0.100000000000
1390546375,919.065490000000,0.015869130000
1390546335,920.000000000000,0.119608590000
1390546334,920.000050000000,0.467204120000
1390546275,920.000000000000,0.880391410000
1390546275,920.000010000000,0.319781270000
1390546258,920.000010000000,0.679703140000
1390546258,920.000010000000,0.320296860000
1390546239,923.999000000000,0.745838160000
1390546238,923.994000000000,0.051774990000
1390546185,923.999000000000,0.030659120000
1390546084,923.999000000000,0.375753510000
1390546044,926.990000000000,0.894739080000
1390546044,926.985000000000,0.105260920000
1390545996,926.929950000000,0.775670880000
1390545995,925.500140000000,0.096184330000
1390545995,922.000000000000,1.000000000000
1390545995,921.999990000000,2.110677930000
1390545995,921.995000000000,0.097466860000
1390545898,920.000000000000,0.036539480000
1390545898,920.000010000000,0.963460520000
1390545849,920.000010000000,0.652061550000
1390545848,920.005010000000,0.050159880000
1390545789,917.000010000000,0.066612400000
1390545787,927.920000000000,0.090816170000
1390545764,927.879990000000,0.056999990000
1390545764,927.879990000000,0.002183830000
1390545763,927.879990000000,0.017434570000
1390545762,917.000010000000,0.411108890000
1390545762,917.005010000000,0.148891110000
1390545738,928.680000000000,8.482183170000
1390545738,928.639790000000,5.299999990000
1390545738,928.639790000000,26.499999990000
1390545738,928.490000000000,0.019596830000
1390545738,928.127490000000,0.009999990000
1390545738,928.032000000000,0.045000000000
1390545738,927.910930000000,0.108649940000
1390545738,927.727490000000,0.012415320000
1390545737,927.566400000000,0.016029870000
1390545737,927.105000000000,0.010147560000
1390545737,927.057040000000,0.010147550000
1390545737,926.640000000000,0.043999990000
1390545737,926.490790000000,0.025329730000
1390545737,926.274940000000,0.009999990000
1390545737,926.216470000000,0.158271900000
1390545737,925.553320000000,0.108695610000
1390545737,925.251000000000,0.044000000000
1390545736,925.160070000000,0.010895200000
1390545736,925.000000000000,0.500000000000
1390545736,924.999990000000,0.009999990000
1390545736,924.999990000000,0.009999990000
1390545736,924.999990000000,4.925250000000
1390545736,924.863080000000,1.800000000000
1390545736,924.732150000000,0.010000000000
1390545735,924.732150000000,0.010000000000
1390545735,924.732150000000,0.030000000000
1390545735,924.426090000000,0.010000000000
1390545735,924.370000000000,0.019596840000
1390545735,924.100000000000,0.200000000000
1390545735,924.000000000000,0.316000000000
1390545735,923.000000000000,0.100000000000
1390545735,923.000000000000,9.842934320000
1390545734,922.999990000000,0.009999990000
1390545734,922.994980000000,17.867700000000
1390545734,922.989980000000,0.009999990000
1390545734,922.989980000000,0.009999990000
1390545734,922.863080000000,0.800000000000
1390545734,922.563080000000,0.599999990000
1390545734,922.233080000000,0.599999990000
1390545734,921.933080000000,0.300000000000
1390545734,921.433080000000,0.300000000000
1390545733,920.000000000000,0.020956000000
1390545733,920.000000000000,1.000000000000
1390545733,919.999990000000,12.514784510000
1390545733,919.999980000000,5.216833290000
1390545733,919.994990000000,0.050582480000
1390545702,912.164200000000,0.800000000000
1390545694,919.999940000000,0.065785260000
1390545693,919.994950000000,0.144214740000
1390545693,918.180000000000,0.010000000000
1390545693,912.200000000000,0.100000000000
1390545689,912.164200000000,0.527878060000
1390545688,912.169200000000,0.068123360000
1390545660,912.164200000000,0.654091940000
1390545660,912.500000000000,0.118356150000
1390545660,912.940990000000,2.963379550000
1390545660,913.000000000000,2.000000000000
1390545660,913.000010000000,5.300000000000
1390545660,913.000010000000,0.693601800000
1390545660,914.685490000000,2.957727720000
1390545660,914.690490000000,0.171498560000
1390545659,915.000000000000,0.090000000000
1390545659,916.430000000000,2.952097420000
1390545659,917.000000000000,2.000000000000
1390545658,918.174500000000,0.028786090000
1390545639,918.174500000000,2.900000000000
1390545581,918.174500000000,0.017702440000
1390545581,919.000000000000,0.837097560000
1390545442,919.000000000000,0.107350090000
1390545406,919.000000000000,0.020000000000
1390545379,919.000000000000,0.020000000000
1390545170,919.000000000000,5.800000000000
1390545160,919.000000000000,2.104908710000
1390545160,919.000010000000,0.695091290000
1390545103,922.989980000000,1.260000020000
1390545103,922.989970000000,0.389485420000
1390545102,922.000000000000,2.799999990000
1390545102,921.000000000000,0.200000000000
1390545102,920.000000000000,0.350514570000
1390545073,920.000000000000,0.280000000000
1390545070,920.000000000000,0.369485430000
1390545060,920.000000000000,2.000000000000
1390545013,920.000000000000,0.020000000000
1390544960,922.900000000000,0.250000000000
1390544954,922.900000000000,1.000000000000
1390544941,920.000000000000,2.610514570000
1390544941,920.000010000000,0.389485430000
1390544882,922.989980000000,0.095273080000
1390544796,922.989980000000,1.204264660000
1390544796,922.989970000000,0.464207710000
1390544747,922.989980000000,0.169506740000
1390544713,922.989980000000,2.029200010000
1390544713,922.988880000000,0.970799990000
1390544712,919.000010000000,0.413722990000
1390544712,920.000000000000,0.409000000000
1390544705,922.988880000000,0.029200000000
1390544596,923.000000000000,0.050484730000
1390544570,923.000000000000,0.106480940000
1390544549,915.000000000000,0.104876000000
1390544549,920.000000000000,0.040000000000
1390544546,915.000000000000,0.229067140000
1390544545,915.000000000000,0.073218690000
1390544515,924.109790000000,0.845443860000
1390544515,924.109780000000,0.399673130000
1390544515,924.010000000000,0.118000000000
1390544515,924.000000000000,0.319078810000
1390544511,924.000000000000,0.180921190000
1390544507,919.930010000000,0.399673140000
1390544507,920.000000000000,0.020000000000
1390544507,920.000000000000,0.491093070000
1390544507,920.000080000000,0.037579650000
1390544483,924.109790000000,0.800000000000
1390544480,920.000080000000,0.016173740000
1390544478,920.000080000000,0.177914390000
1390544469,924.109790000000,0.346800000000
1390544461,924.109790000000,4.510550060000
1390544461,924.097910000000,0.057000000000
1390544460,923.864000000000,0.043999990000
1390544460,922.580930000000,0.009999990000
1390544460,921.500000000000,0.247808590000
1390544448,921.500000000000,0.009035260000
1390544428,921.500000000000,1.743156150000
1390544428,921.096000000000,0.045000000000
1390544428,920.739450000000,0.051313870000
1390544425,920.739450000000,0.005686120000
1390544424,920.739450000000,0.010000000000
1390544423,919.930000000000,3.227870890000
1390544405,919.930000000000,2.798500030000
1390544405,919.715000000000,0.056999990000
1390544405,919.715000000000,0.044999990000
1390544405,918.980000000000,0.930000000000
1390544404,918.901650000000,0.009999990000
1390544404,918.336000000000,0.045000000000
1390544350,918.000000000000,0.038363680000
1390544311,918.000000000000,0.010000000000
1390544310,918.000000000000,0.052481030000
1390544310,917.999910000000,0.056999990000
1390544310,917.999710000000,0.115999990000
1390544310,917.000000000000,1.000000000000
1390544310,916.999580000000,0.056999990000
1390544310,916.959000000000,0.044999990000
1390544310,916.100000000000,1.000000000000
1390544310,916.000000000000,1.000000000000
1390544310,916.000000000000,4.672519010000
1390544310,915.980000000000,2.000000000000
1390544286,916.000000000000,9.297571590000
1390544286,915.999990000000,0.044428410000
1390544251,916.000000000000,0.870426580000
1390544251,915.000000000000,1.129573420000
1390544246,915.000000000000,0.200000000000
1390544244,915.000000000000,0.012438540000
1390544227,915.000000000000,0.044428410000
1390544175,915.998290000000,0.116000000000
1390544107,916.000000000000,2.669054640000
1390544107,915.995000000000,0.053519570000
1390544107,915.980000000000,5.000000000000
1390544106,915.900000000000,1.000000000000
1390544106,915.895000000000,0.063951720000
1390544105,915.500000000000,27.790000000000
1390544105,913.978700000000,2.018193220000
1390544105,913.900000000000,5.025080850000
1390544066,913.900000000000,0.100000000000
1390544053,913.900000000000,0.010942120000
1390544030,913.900000000000,1.095323940000
1390543991,913.900000000000,8.768653090000
1390543985,913.899990000000,0.025246150000
1390543979,913.899990000000,0.010942120000
1390543969,913.000000000000,0.139331880000
1390543864,912.000000000000,0.050000000000
1390543858,913.978700000000,0.481806780000
1390543782,912.000000000000,0.010389630000
1390543744,913.975000000000,0.017008420000
1390543731,913.980000000000,0.993441220000
1390543731,913.975000000000,0.006558780000
1390543731,907.000010000000,0.185909780000
1390543731,907.006010000000,0.055734070000
1390543731,907.100000000000,0.310000000000
1390543729,913.975000000000,0.061711940000
1390543721,913.980000000000,0.100000000000
1390543698,913.980000000000,0.189537000000
1390543698,913.975000000000,0.127148550000
1390543698,913.968000000000,0.056999990000
1390543697,912.761080000000,2.800000000000
1390543697,910.200000000000,0.005841150000
1390543697,910.200000000000,0.010000000000
1390543697,909.000000000000,3.217993310000
1390543649,909.000000000000,0.011000000000
1390543603,909.000000000000,0.616471810000
1390543603,908.999990000000,0.383528190000
1390543594,906.100000000000,5.561370770000
1390543568,906.100000000000,0.049900000000
1390543567,906.100000000000,0.468345860000
1390543566,906.100000000000,0.069900000000
1390543492,908.999990000000,0.100000000000
1390543462,905.450000000000,0.200000000000
1390543446,905.450000000000,0.020000000000
1390543445,908.999990000000,0.099737180000
1390543440,905.450000000000,0.020000000000
1390543430,905.450000000000,0.020000000000
1390543424,905.450000000000,0.020000000000
1390543420,908.999990000000,2.000000000000
1390543419,905.450000000000,0.020000000000
1390543415,908.999990000000,0.190774970000
1390543412,905.450000000000,0.020000000000
1390543401,905.450000000000,0.020000000000
1390543397,905.410000000000,0.020000000000
1390543397,905.300000000000,0.020000000000
1390543397,905.300000000000,0.020000000000
1390543397,905.300000000000,0.020000000000
1390543397,905.300000000000,0.010000000000
1390543378,904.100000000000,0.069980390000
1390543370,905.300000000000,0.010000000000
1390543360,908.999990000000,0.338173370000
1390543357,904.100000000000,2.070950200000
1390543357,904.187080000000,2.991929400000
1390543357,904.712290000000,1.000000000000
1390543357,905.000000000000,1.000000000000
1390543356,905.000000000000,0.100000000000
1390543356,905.000000000000,0.300000000000
1390543356,905.000000000000,0.004408770000
1390543356,905.410000000000,20.145501760000
1390543356,905.410010000000,5.137209870000
1390543355,905.410010000000,0.142790130000
1390543355,905.410010000000,0.020000000000
1390543351,905.410000000000,0.020000000000
1390543348,905.410000000000,0.020000000000
1390543345,905.300000000000,0.020000000000
1390543340,905.000000000000,0.015591230000
1390543340,905.000000000000,2.000000000000
1390543340,905.000010000000,0.731420300000
1390543340,905.200000000000,0.253745570000
1390543339,905.300000000000,0.579362900000
1390543339,905.400000000000,0.940000000000
1390543339,905.500000000000,0.479880000000
1390543332,905.500000000000,0.020000000000
1390543326,909.000000000000,0.000460190000
1390543317,905.400000000000,0.020000000000
1390543312,905.400000000000,0.020000000000
1390543308,909.000000000000,1.582720300000
1390543308,908.999990000000,6.417279700000
1390543307,905.400000000000,0.020000000000
1390543301,905.300000000000,0.020000000000
1390543299,908.999990000000,0.036193990000
1390543293,908.999990000000,0.101000000000
1390543293,905.300000000000,0.020000000000
1390543290,905.300000000000,3.380637100000
1390543290,905.300000000000,0.100000000000
1390543290,905.300100000000,0.019262900000
1390543288,905.300100000000,0.020000000000
1390543284,905.300100000000,0.070571010000
1390543284,905.300110000000,0.828398990000
1390543283,905.300110000000,4.479903740000
1390543283,905.300110000000,0.600440280000
1390543282,905.300110000000,0.020000000000
1390543247,905.300110000000,0.904620000000
1390543240,905.300110000000,1.958392750000
1390543239,905.305100000000,0.070749830000
1390543218,905.300100000000,0.190166090000
1390543218,906.722330000000,2.983115530000
1390543218,906.727330000000,0.133771690000
1390543218,907.000000000000,0.050000000000
1390543217,908.000000000000,0.010000000000
1390543217,908.406130000000,2.977586130000
1390543217,908.530000000000,0.320599990000
1390543216,910.000000000000,5.000000000000
1390543216,910.000000000000,0.549450550000
1390543216,910.000010000000,0.189977350000
1390543216,910.030000000000,0.500000000000
1390543216,910.200000000000,0.250000000000
1390543216,911.000000000000,0.010610000000
1390543215,911.000000000000,0.125943270000
1390543213,911.000000000000,0.020000000000
1390543211,911.000000000000,0.013026110000
1390543208,911.000000000000,0.012434710000
1390543207,911.000000000000,0.020000000000
1390543204,911.000000000000,0.808595910000
1390543203,911.000000000000,0.991404090000
1390543203,911.180790000000,0.686000000000
1390543203,911.010000000000,0.020000000000
1390543201,911.000000000000,0.011000000000
1390543190,911.000000000000,0.020000000000
1390543189,911.000000000000,2.800000000000
1390543185,911.000000000000,0.010000000000
1390543176,911.180790000000,1.560000000000
1390543171,911.000000000000,0.020000000000
1390543170,911.180790000000,0.933029230000
1390543170,911.180000000000,0.020000000000
1390543170,911.180000000000,0.020000000000
1390543170,911.180000000000,0.020000000000
1390543170,911.180000000000,0.006970770000
1390543167,911.000000000000,0.020000000000
1390543163,911.000000000000,0.020000000000
1390543158,911.000000000000,0.010000000000
1390543155,911.000000000000,0.020000000000
1390543150,911.000000000000,0.020000000000
1390543145,911.000000000000,0.416888010000
1390543145,911.000010000000,0.304707000000
1390543145,911.010000000000,0.064849990000
1390543144,911.010000000000,0.020000000000
1390543140,911.010000000000,0.020000000000
1390543112,911.180000000000,0.013029230000
1390543112,911.180000000000,0.020000000000
1390543095,916.000000000000,3.022641100000
1390543095,915.980000000000,1.402386200000
1390543094,915.950000000000,0.020000000000
1390543094,915.950000000000,0.020000000000
1390543094,915.950000000000,0.020000000000
1390543094,915.950000000000,0.020000000000
1390543094,914.761080000000,1.955291810000
1390543091,914.761080000000,0.066058450000
1390543076,915.950000000000,0.778649730000
1390543072,915.950000000000,0.020000000000
1390543072,915.950000000000,0.020000000000
1390543071,915.950000000000,0.020000000000
1390543056,915.950000000000,0.338954010000
1390543054,915.980000000000,2.000000000000
1390543045,915.950000000000,0.020000000000
1390543041,915.950000000000,0.020000000000
1390543036,915.950000000000,0.020000000000
1390543032,915.950000000000,0.020000000000
1390543024,915.950000000000,0.020000000000
1390543023,915.980000000000,0.597613800000
1390543023,915.960000000000,0.452386200000
1390543021,915.950000000000,0.020000000000
1390543019,915.950000000000,1.000000000000
1390543016,915.950000000000,0.020000000000
1390543016,915.950000000000,1.000000000000
1390543014,915.950000000000,0.252281190000
1390543013,915.950000000000,0.020000000000
1390542999,915.960000000000,1.500000000000
1390542975,915.960000000000,2.037613800000
1390542964,915.000000000000,0.410115060000
1390542944,915.960000000000,0.010000000000
1390542867,915.959990000000,0.417556330000
1390542814,915.959990000000,0.922370000000
1390542764,915.959990000000,0.253804010000
1390542737,915.959990000000,1.889722720000
1390542736,915.959990000000,1.110277280000
1390542656,911.000000000000,0.486299950000
1390542637,911.000000000000,0.154407950000
1390542636,911.000010000000,0.403244850000
1390542485,915.979990000000,1.034726940000
1390542484,915.979320000000,0.057000000000
1390542443,915.979990000000,0.064705450000
1390542443,915.979320000000,0.057000000000
1390542215,910.181690000000,0.687290630000
1390542215,911.000000000000,1.000000000000
1390542215,911.000000000000,6.645808780000
1390542215,911.010000000000,0.439110600000
1390542148,911.000000000000,1.610227340000
1390542148,912.000000000000,0.106359650000
1390541998,911.000000000000,1.743963870000
1390541998,911.000010000000,1.064547200000
1390541980,911.000010000000,0.054627000000
1390541980,911.779990000000,0.942973000000
1390541971,916.000000000000,0.080000000000
1390541969,916.000000000000,0.080000000000
1390541960,916.000000000000,0.116000000000
1390541950,916.000000000000,0.060000000000
1390541906,916.000000000000,8.601787070000
1390541906,915.999800000000,4.098212950000
1390541905,915.979990000000,5.299999980000
1390541857,915.999800000000,0.832795330000
1390541857,915.980000000000,4.000000000000
1390541857,915.979990000000,5.367204670000
1390541848,915.979990000000,1.000000000000
1390541845,915.979990000000,1.586677910000
1390541822,915.999790000000,0.076536190000
1390541804,915.999790000000,2.000000000000
1390541791,914.600000000000,1.000000000000
1390541789,914.600000000000,1.000000000000
1390541778,914.600000000000,0.011050050000
1390541756,914.600000000000,0.126000000000
1390541733,914.600000000000,1.000000000000
1390541732,914.600000000000,1.000000000000
1390541729,914.600000000000,1.000000000000
1390541725,915.999980000000,0.143000010000
1390541725,915.989440000000,0.056999990000
1390541723,915.999980000000,0.426581240000
1390541723,915.999970000000,0.087051370000
1390541723,915.995000000000,0.051837390000
1390541722,915.990000000000,0.900000000000
1390541722,915.740000000000,0.004500010000
1390541722,915.584000000000,0.029959690000
1390541721,914.600000000000,1.000000000000
1390541719,914.600000000000,1.000000000000
1390541708,914.600000000000,0.912948630000
1390541708,914.600010000000,0.087051370000
1390541702,915.584000000000,0.010000000000
1390541697,915.584000000000,0.005040310000
1390541696,914.236030000000,0.004959690000
1390541678,914.236030000000,0.007705170000
1390541678,914.211000000000,0.044000000000
1390541660,912.000000000000,1.220000000000
1390541660,912.000000000000,4.868364590000
1390541637,912.000000000000,3.362393230000
1390541637,911.800000000000,4.000000000000
1390541637,911.780000000000,4.000000000000
1390541637,911.779990000000,8.637606770000
1390541615,911.799990000000,9.946361460000
1390541615,911.794990000000,0.053638540000
1390541577,911.799990000000,0.107657330000
1390541577,903.400000000000,7.004587880000
1390541577,903.412340000000,0.222541460000
1390541577,903.435020000000,0.046307370000
1390541577,903.809990000000,0.019596830000
1390541577,903.810000000000,0.235000000000
1390541577,903.890000000000,0.013317920000
1390541577,903.999870000000,0.031941510000
1390541576,904.000000000000,0.567999990000
1390541576,904.000000000000,0.025000000000
1390541576,904.000000000000,1.000000000000
1390541576,904.000000000000,0.400000000000
1390541576,904.000000000000,0.100000000000
1390541576,904.000000000000,5.300000310000
1390541576,904.000000000000,13.667768280000
1390541576,904.032080000000,2.599999990000
1390541576,904.400000000000,0.921400290000
1390541575,905.000000000000,1.000000000000
1390541575,905.000000000000,3.400000000000
1390541575,905.010000000000,0.050000000000
1390541575,905.010000000000,0.055248010000
1390541575,905.032080000000,0.800000000000
1390541575,905.050000000000,0.500000000000
1390541575,905.050000000000,0.118101630000
1390541575,905.100010000000,1.000000000000
1390541575,905.653300000000,1.000000000000
1390541574,906.000000000000,7.038064000000
1390541574,906.005000000000,0.133518060000
1390541574,906.332080000000,3.800000000000
1390541573,907.000000000000,2.114210630000
1390541573,907.950000000000,0.905395840000
1390541560,911.999990000000,0.080208480000
1390541533,911.999990000000,2.800000000000
1390541501,911.999990000000,3.300000000000
1390541483,911.999990000000,0.500000000000
1390541479,911.999990000000,0.000000010000
1390541470,912.000000000000,0.127355620000
1390541470,911.995000000000,0.059351640000
1390541469,910.000000000000,3.613292740000
1390541459,910.000000000000,0.116707260000
1390541456,910.000000000000,3.800000000000
1390541449,905.050000000000,0.014065400000
1390541449,907.951600000000,0.051200000000
1390541435,907.951600000000,0.198800000000
1390541397,911.999990000000,0.045387250000
1390541396,911.995000000000,0.063605570000
1390541396,911.994330000000,0.056999990000
1390541386,912.000000000000,1.641886550000
1390541386,911.999940000000,0.056999990000
1390541386,911.998420000000,0.115999990000
1390541386,911.152320000000,0.012664850000
1390541385,910.000000000000,0.020000000000
1390541385,909.500000000000,2.406936000000
1390541385,909.495000000000,0.053105010000
